1027 1579
371 118 388 132 S.
398 119 497 136 L'onquqatm
507 118 568 132 Risum
819 116 847 131 1⁰0

93 167 130 185 bat.
144 167 218 190 Obtigit
229 169 290 185 autem
305 168 355 190 quod
369 167 420 188 dum,
431 172 470 185 una
487 167 523 187 die.
538 168 657 185 sacrosancto
672 167 738 185 Missae
756 168 846 186 sacrificio

91 198 204 219 adsistebat,
212 199 279 221 pietate
285 204 308 216 ac
316 198 408 216 modestia
416 198 513 216 cuiusdam
523 198 595 221 puellae
607 198 678 216 orantis
687 200 775 221 permota,
783 199 847 216 divina

92 229 198 251 opitulante
206 229 271 252 gratia.
279 229 380 247 mundanis
391 229 482 247 illecebris
490 229 567 247 omnino
575 229 643 251 spretis
651 235 672 247 ac
679 229 757 251 reiectis,
765 230 846 247 sobriam

93 261 182 283 piamque
194 261 250 278 vitam
263 261 330 278 ducere
342 261 398 278 alacri
411 262 534 283 promptoque
549 261 612 278 animo
624 261 695 278 statuit.
712 261 766 282 Quod
782 266 846 283 propo-

93 292 151 310 situm
161 292 260 314 perfectius
269 292 352 314 implevit
360 293 440 314 quando,
449 292 467 309 in
476 294 537 310 aetate
545 292 642 310 duodecim
651 297 750 311 annorum.
758 297 778 310 se
786 292 847 315 dispo—

93 323 133 341 suit
144 323 168 341 ad
181 323 258 346 primam
271 323 433 344 Communionem,
445 328 501 345 quam
520 323 639 341 devotissime
657 324 726 345 recepit
740 329 762 341 eo
774 324 846 341 fervore

92 356 112 372 et
124 354 191 375 fructu,
202 356 228 375 ut,
240 359 280 372 eam
289 359 345 376 saepe
354 354 442 375 recolens.
454 354 503 372 diem
516 354 586 376 primae
595 354 737 372 Communionis
745 355 846 377 appellaret

93 386 143 403 diem
156 391 202 404 snae
214 386 352 407 conversionis3
364 387 382 403 et
393 386 417 403 ab
429 391 452 404 eo
464 387 546 408 tempore
555 386 659 408 frequenter
667 386 692 404 ad
704 391 774 404 sacram
788 386 846 408 syna*

93 417 132 435 xim
144 417 246 435 accederet.
259 417 330 435 Ancilla
342 417 381 438 Dei⁷
393 423 450 440 quum
463 417 499 435 iam
512 417 614 435 adoleverit
627 417 708 440 tumque
720 417 760 435 suis
775 417 846 435 viribus

94 449 133 466 Deo
149 454 169 466 se
182 449 321 470 mancipaverit,
332 454 356 466 ne
368 449 386 466 in
399 449 455 466 rebus
466 448 595 471 spiritualibus
606 451 625 466 et
636 449 748 466 caelestibus
756 449 847 466 distrahe-

92 481 145 497 retur
156 485 168 497 a
180 479 287 497 domesticis
299 479 407 500 obstaculis,
419 479 507 502 praetulit
518 481 613 502 paternam
633 480 709 497 domum
728 480 813 497 deserere
827 481 846 497 et

94 511 112 528 in
124 510 187 531 aliam,
199 510 262 528 minus
273 511 391 528 commodam
402 511 436 528 sed
449 511 507 533 magis
520 511 602 532 liberam,
614 511 707 532 secedere,
718 511 756 531 ubi.
768 511 846 528 terrenis

94 542 172 559 vinculis
184 542 252 563 soluta,
264 541 338 564 pietatis
350 544 369 559 et
380 542 425 559 artis
442 542 530 564 operibus
548 542 614 559 melius
631 542 752 559 incumberet
768 542 846 563 Revera,

92 573 173 591 orationi
186 573 254 594 dedita.
266 573 388 591 sacramentis
399 573 481 594 assidua,
494 573 556 591 Sacris
564 573 648 596 quotidie
655 573 730 591 adstare
742 573 819 594 solebat,
827 575 846 591 et

92 604 154 622 officio
166 604 202 622 sibi
210 605 310 622 commisso
318 605 412 622 curandae
424 605 527 622 munditiae
535 606 573 622 tam
582 605 670 622 ecclesiae
678 606 698 622 el.
704 605 780 622 sacrarii
788 610 844 627 quarn

93 641 159 653 sacrae
167 636 287 658 supellectilis
295 636 436 658 diligentissime
442 635 559 658 fungebatur.
568 636 735 653 Admirabilisserat
743 636 784 653 eius
792 636 845 653 devo-

93 667 120 684 tio
137 672 180 690 erga
198 667 337 685 sanctissimum
355 667 483 685 Eucharistiae
498 668 642 688 sacramentum,
653 667 707 684 cuius
725 667 783 685 altare
801 672 845 689 prae

91 698 160 716 ceteris
172 698 263 716 adornare
275 698 377 720 satagebat.
386 698 453 716 Coram
462 698 494 715 illo
502 698 569 715 dilecto
577 698 650 715 animae
662 703 708 716 snae
717 698 790 720 Sponso
802 698 844 716 fidei

91 731 111 747 et
122 730 162 751 spei
170 731 224 747 actus
231 735 253 747 ac
260 730 349 747 ferventis
360 729 429 747 amoris
437 729 515 747 affectus
523 729 555 747 diu
563 731 657 751 noctuque
667 729 780 747 effundebat.
789 729 844 747 Hunc

92 761 180 783 spiritum
199 761 272 783 pietatis
286 762 305 778 et
321 760 430 778 imitationis
444 766 488 783 erga
503 760 587 778 divinum
603 761 746 783 Redeinptorem
764 761 841 783 eiusque

93 792 201 814 mysterium
214 792 362 810 Eucharisticum
374 792 422 810 sicut
435 792 453 809 in
466 792 563 814 Deiparam
576 791 669 814 Virginem
683 792 757 810 Mariam
775 794 793 810 et
804 798 844 810 san-

91 825 133 842 ctos
144 823 224 844 caelites,
236 823 356 841 industriosis
368 823 440 841 artibus
452 823 529 840 dilatare
542 823 630 841 studebat
641 823 660 840 in
672 823 745 846 puellas
760 825 778 841 et
794 823 844 841 fami-

91 856 127 873 lias
139 860 172 877 per
184 855 273 872 salutaria
285 854 368 876 consilia,
380 856 495 877 opportunas
503 854 637 872 instructiones
644 856 663 872 et
674 855 747 872 cantica
758 855 843 877 spiritua-

91 887 121 907 lia.
139 891 188 909 quae
207 886 265 908 magis
282 886 397 903 resonabant
411 885 447 903 sub
462 885 503 903 eius
519 885 621 903 directione
637 887 655 903 et
673 885 780 903 harmonica
793 891 843 904 voce.

93 918 180 935 Suavitas
193 922 270 937 morum,
282 917 366 939 angelica
378 916 438 939 pietas
449 918 467 934 et
479 918 544 934 sancta
552 916 670 934 conversatio
678 917 770 939 quosdam
783 917 843 935 clarae

92 949 139 967 lucis
151 949 214 966 radios
227 948 337 966 emittebant
348 948 373 965 ad
385 947 492 970 spirituales
504 948 596 969 tenebras,
609 948 668 965 nubes
679 950 698 965 et
710 953 789 970 angores
801 953 844 966 con-

91 980 181 998 scientiae
193 979 311 1001 dissipandas
323 981 341 997 et
353 979 434 1002 quietem
447 984 548 1001 pacemque
557 979 680 996 inducendam
690 979 708 996 in
717 979 803 997 omnibus
811 980 843 1002 qui

90 1012 115 1029 ab
127 1016 149 1029 aa
161 1012 287 1033 opportunum
300 1010 389 1028 auxilium
401 1011 419 1028 et
431 1010 518 1028 solatium
531 1010 625 1032 petebant,
637 1015 700 1027 eorum
714 1010 786 1028 animos
799 1011 843 1033 iugi*

90 1044 119 1060 ter
130 1042 221 1060 elevando
233 1042 256 1059 ad
264 1042 352 1059 caelestia
359 1047 401 1059 cum
415 1041 496 1059 maxima
503 1041 572 1059 fiducia
579 1041 598 1058 in
606 1041 771 1059 clementissimum
778 1042 843 1060 Deum.

92 1073 147 1091 Hisce
159 1073 236 1091 dotibus
247 1074 337 1091 exornata
350 1073 407 1090 Maria
418 1072 506 1093 Eusieua,
518 1078 528 1090 e
540 1072 618 1090 consilio
631 1072 707 1094 parochi
719 1074 738 1090 et
749 1073 843 1090 confesso—

90 1105 122 1126 ris,
134 1105 220 1127 ingressa
231 1106 260 1122 est
272 1104 378 1122 institutum
390 1104 422 1121 dea
429 1104 491 1121 dam
502 1104 586 1121 blanchae
593 1104 615 1121 de
623 1104 642 1121 la
650 1104 736 1125 Rooheue,
744 1104 783 1125 sed,
792 1104 843 1121 brevi

91 1139 139 1159 post,
151 1136 175 1154 ab
188 1141 210 1153 eo
222 1136 272 1153 exire
281 1135 358 1158 cogitur,
367 1135 450 1152 infirmae
463 1135 575 1152 valetudinis
583 1140 640 1152 causa
648 1136 666 1152 et
674 1134 775 1157 magiSterii
787 1136 843 1157 atque

90 1169 180 1186 actuosae
192 1167 241 1185 vitae
252 1171 325 1189 genere,
332 1166 362 1184 cui
374 1166 415 1188 ipsa
423 1166 515 1189 praeferre
523 1165 597 1184 dicebat
605 1166 662 1184 vitam
674 1166 843 1188 contemplativam,

90 1198 194 1217 solitariam
207 1199 226 1216 et
237 1199 337 1216 austeram.
350 1198 437 1215 Attamen
449 1197 483 1215 Dei
495 1197 578 1219 Famula,
590 1197 645 1215 etiam
658 1197 677 1214 in
689 1197 764 1215 saeculo
772 1197 843 1219 vivens,

91 1230 175 1248 divinam
189 1230 303 1247 voluntatem
316 1229 370 1247 unice
383 1229 482 1246 intendens
494 1234 516 1246 ac
531 1234 612 1251 sequens
627 1234 659 1250 per
675 1228 792 1246 dilectionem
808 1228 842 1246 Dei

90 1263 109 1280 et
120 1261 201 1284 proximi
209 1262 265 1283 atque
271 1260 361 1278 virtutum
369 1260 482 1279 exercitium.
491 1259 601 1282 peculiarem
609 1259 650 1282 piae
658 1261 676 1277 et
683 1261 758 1277 sanctae
770 1260 842 1282 puellae

89 1292 199 1315 opinionem
206 1291 242 1309 sibi
250 1291 370 1314 comparavit.
379 1291 467 1312 Tandem,
472 1291 552 1308 sanitate
560 1290 656 1308 debilitata
663 1296 675 1308 a.
683 1291 764 1309 naturali
772 1291 842 1312 morbo,

92 1323 189 1346 magisque
203 1328 214 1340 a
226 1322 315 1345 singulari
327 1328 370 1345 erga
387 1322 447 1340 Iesum
466 1322 485 1340 in
503 1322 624 1340 Sam-amento
641 1327 710 1343 amore,
721 1327 759 1344 quo
774 1322 843 1344 placita

90 1357 130 1373 erat
143 1354 182 1372 Deo
195 1354 258 1371 anima
270 1354 325 1374 illius,
337 1355 453 1375 consumpta,
462 1353 513 1371 caelo
522 1353 557 1370 iam
567 1354 646 1374 matura,
654 1353 776 1371 sacramentis
784 1353 843 1371 Eccle-

91 1387 129 1404 siae
141 1386 217 1406 refecta,
233 1385 252 1403 in
268 1385 309 1403 loco
324 1386 346 1402 de
364 1386 442 1406 eninm,
460 1385 551 1402 dioecesis
569 1385 693 1406 Rupellensis,
708 1385 737 1402 die
752 1385 775 1402 29
790 1384 841 1405 iunii,
