1027 1579
201 112 227 127 ue
367 115 406 129 ω.
414 115 510 133 Aponon-0
519 115 562 129 snae·
570 123 577 126 -
586 115 711 129 amnem-.-
720 115 784 133 om

200 164 281 182 virorum
289 165 348 183 multo
356 165 491 187 prosperiorem
502 166 557 187 atque
565 165 653 187 operibus
661 165 680 183 in
689 165 770 183 favorem
778 170 881 188 pauperum
890 165 951 183 omnis

200 195 312 213 conditionis
324 196 382 214 multo
395 196 519 219 insigniorem,
528 201 570 214 cum
582 196 651 214 maiore
661 196 717 214 etiam
729 196 809 214 efficacia
817 196 835 214 in
843 202 909 214 eorum
917 197 951 219 spi-¹

200 226 286 244 ritualem
298 227 455 250 regenerationem
471 227 555 245 exercita.
568 227 614 245 Nam
630 232 652 245 ex
668 233 706 245 una
722 229 774 250 parte
789 227 879 245 honestae
895 229 950 250 atque

200 259 293 280 spectatae
305 258 385 276 feminae
397 258 469 277 facilius
480 258 565 276 obtinent
576 258 721 281 recognitionem
737 258 812 281 legalem
825 260 844 276 et
855 258 951 280 protectio

200 294 242 307 uem
255 289 396 312 guberniorum;
408 295 431 307 ex
443 289 480 307 alia
491 291 544 312 parte
556 289 629 307 facilius
640 291 659 307 et
670 289 746 307 suavius
754 295 795 308 sese
803 290 926 307 introducunt
933 289 951 307 in

200 320 272 338 animos
290 320 406 342 miserorum,
418 326 496 343 quorum
515 321 620 343 corporales
637 321 721 338 miserias
735 321 801 342 levant,
813 322 869 343 atque
884 323 951 343 parant

171 366 175 369 .
200 351 248 369 vium
261 352 394 373 sacerdotibus,
406 357 454 374 quos
466 352 547 375 optimos
562 357 647 374 quosque
662 352 698 369 sibi
713 352 733 370 in
748 352 837 370 auxilium
853 352 952 374 diligenter

200 383 317 406 conquirunt.

245 415 287 436 Qus
298 415 369 433 ratione
381 415 400 433 in
412 415 458 433 alias
470 415 555 438 regiones
566 415 682 433 introductae
694 417 739 433 sunt
747 415 844 433 mulierum
853 415 952 433 Conferen*

200 446 237 464 tiae
252 451 289 464 uon
301 446 367 464 attinet
382 446 478 465 disserere.
488 446 555 468 Quoad
567 447 695 465 Conferentias
707 447 805 465 mulierum
817 446 836 464 in
848 447 952 469 Republica

201 478 306 500 Argentina,
318 478 341 496 de
352 478 421 500 quibus
433 480 461 496 est
473 483 561 500 praesens
572 478 662 501 quaestio,
674 484 704 496 res
715 480 744 496 est
755 478 774 496 in
786 478 890 500 propatulo:
900 483 953 496 aceu-

201 510 239 526 rate
253 509 301 526 enim
314 509 424 527 describitur
438 515 502 527 earum
517 510 569 532 urigo
585 511 603 527 et
618 509 696 527 historia
711 509 730 527 in
745 514 801 531 opere
816 509 886 531 publici
905 509 953 527 iuris

201 540 255 561 facto,
267 541 311 558 dum
323 540 366 558 illae
377 541 471 563 expletum
483 541 519 558 iam
531 542 555 561 (a.
568 541 619 563 1914.)
630 541 715 563 quintum
727 541 805 558 lustrum
818 546 830 558 a
841 540 953 558 fundatione

200 572 224 594 (a.
237 572 287 594 1889)
299 571 413 589 sollemniter
424 572 543 590 celebrarent.
554 572 642 590 Videlicet
649 577 707 594 quum
716 572 814 589 mulierum
820 571 953 590 Conferentiae

201 607 242 620 cum
251 603 321 625 ingenti
329 603 433 621 animarum
442 603 503 621 fructu
515 603 603 621 fundatae
615 603 672 621 fuisse
684 603 702 621 in
715 603 812 625 Hispania,
820 605 896 621 strenue
908 608 953 621 con-

200 634 300 652 tenderunt
309 634 393 652 obtinere
406 634 533 652 exsistentiam
546 634 658 652 nationalern
671 640 704 652 seu
717 634 871 657 independentem
879 640 891 652 a
903 634 952 652 Cou-

201 665 284 683 ferentiis
296 665 440 687 Parisiensibus;
456 671 514 688 quare
526 671 538 683 a
550 666 584 683 Pio
596 666 620 683 IX
633 666 756 688 postularunt,
767 667 789 683 ut
800 666 835 683 sibi
850 666 952 683 concedere

201 696 307 719 dignaretur
319 696 450 719 indulgentias,
462 697 530 719 quibus
546 697 581 714 iam
598 697 707 714 fruebantur
718 697 800 714 virorum
813 696 952 716 Conferentiae:

201 732 248 749 quas
261 727 305 745 Pius
317 728 342 745 IX
358 728 438 751 henigne
453 728 530 746 indulsit
546 728 599 746 Brevi
615 728 659 746 dato
674 728 705 746 die
719 728 742 745 22
757 728 821 750 aprilis
838 728 887 745 1867.
901 728 952 745 Haec

201 758 310 781 legebantur
321 759 340 776 in
353 761 405 781 parte
416 759 511 777 narrativa
523 759 613 781 rescripti:
623 766 632 775 ‹
639 759 736 781 Supplices
744 759 830 777 admotae
839 759 899 777 Nobis
909 761 951 777 sunl

202 796 211 805 ἰ
219 795 289 812 preces,
301 792 321 807 ut
333 790 432 808 mulierum
445 790 597 808 Christifideliurn
610 791 703 812 Societati,
715 791 750 808 sub
762 790 816 808 titulo
828 790 846 808 S.
859 790 948 808 vincentii

202 828 211 836 ‹
220 826 231 838 a
242 821 307 843 Paulo,
315 822 370 844 vulgo
379 822 496 844 conformia
503 824 627 844 nuncupatae,
635 827 683 844 quae
695 822 782 840 centralis
790 822 809 839 in
817 822 947 844 Hispaniarum

202 859 211 868 ἐ
219 857 282 875 regno,
290 858 382 875 suamque
393 854 456 871 sedem
469 853 525 871 habet
537 853 556 870 in
563 853 637 871 civitate
645 853 753 874 Matritensi,
762 858 827 870 omnes
836 854 855 870 et
866 853 950 876 singulas

202 884 345 907 «indulgentias
362 884 498 902 communicare
515 885 538 902 de
553 884 660 907 Apostolica
675 884 743 902 Nostra
760 884 873 902 Auctoritate
890 885 951 907 digna*

202 922 211 930 »
220 920 287 937 remur,
295 915 364 938 quibus
376 916 457 933 virorum
470 916 619 933 Christifldelium
628 915 712 933 Societas
722 916 805 933 eiusdem
815 916 864 933 tituli
875 917 894 933 et
902 915 951 933 insti-

202 954 211 962 ‹
219 946 255 964 tuti
268 947 336 965 ibidem
349 947 440 965 exsistens
455 947 479 965 ab
494 947 529 965 hac
543 947 612 965 Sancta
624 947 671 965 Sede
687 947 746 964 ditata
757 947 812 965 ruit...
821 954 836 968 ιν,
848 948 883 965 etc.
892 947 951 969 (Opus

201 978 284 999 citatum,
295 983 336 1000 pag.
351 978 394 1000 110).

245 1009 273 1027 Ex
289 1009 379 1031 Hispania
395 1009 492 1027 mulierum
508 1009 637 1027 Conferentiae
652 1009 766 1027 transierunt
777 1009 797 1026 in
809 1009 949 1031 Rempublicam

201 1040 313 1059 Orientalem
325 1040 434 1063 (Umguay);
447 1040 489 1058 inde
501 1040 568 1058 notitia
576 1040 637 1058 delata
649 1040 668 1058 in
675 1040 816 1062 Rempublicam
825 1040 950 1062 Argentinam,

200 1073 219 1090 in
231 1077 268 1095 qua
280 1072 320 1094 piae
332 1073 462 1094 spectataeque
473 1072 552 1089 feminae
559 1071 584 1089 ad
592 1071 692 1089 nobiliores
700 1071 780 1089 familias
789 1071 903 1093 pertinentes
911 1071 951 1088 illas

201 1104 303 1121 fundarunt
310 1104 334 1126 (a.
343 1103 392 1125 1885)
400 1103 476 1120 omnino
488 1103 512 1120 ad
524 1108 606 1120 normam
619 1102 775 1120 conferentiarum
788 1102 896 1124 Hispaniae,
905 1103 951 1120 ideo-

201 1140 237 1157 que
249 1140 260 1152 a
272 1134 333 1152 Leone
345 1134 389 1152 XIII
398 1134 516 1156 postularunt
523 1135 542 1152 et
549 1134 677 1156 impetrarunt,
685 1135 706 1151 ut
714 1133 749 1151 sibi
757 1133 886 1151 conferrentur
894 1133 951 1151 indul-

200 1166 279 1189 gentiae,
287 1171 335 1189 quae
347 1165 439 1183 similibus
451 1165 574 1183 Conferentiis
586 1165 684 1183 mulierum
695 1164 715 1182 in
727 1164 817 1187 Hispania
828 1165 904 1182 fuerant
911 1170 951 1183 con-

201 1203 271 1216 cessae:
279 1205 287 1213 «
293 1197 421 1220 Supplicatum
429 1198 457 1215 est
465 1197 553 1218 Nohis,ut
561 1197 604 1214 huic
612 1196 700 1214 Societati
708 1196 827 1218 Reipublicae
834 1196 950 1219 Argentinae

202 1236 211 1245 ι
220 1234 268 1252 quae
276 1229 295 1246 in
303 1229 382 1246 Civitate
394 1228 508 1246 Bonaerensi
520 1228 620 1250 principem
633 1228 697 1245 sedem
708 1228 770 1249 habet,
778 1233 844 1245 omnes
856 1228 950 1250 indulgen-

202 1267 210 1276 «
219 1260 261 1281 tias,
272 1260 341 1282 quibus
353 1259 454 1282 Hispanica
464 1259 539 1282 gaudet,
547 1259 570 1277 de
582 1259 650 1277 Nostra
659 1259 773 1281 benignitate
780 1258 882 1276 concedere
890 1259 950 1282 digna-

203 1299 212 1307 «
221 1296 300 1309 remur...
310 1298 318 1306 »
327 1290 386 1313 (Opus
398 1291 480 1311 citatum,
492 1295 533 1313 pag.
546 1290 590 1312 109),

247 1322 302 1340 Ortae
314 1327 358 1345 ergo
370 1323 414 1339 sunt
428 1321 557 1339 Conferentiae
572 1321 676 1342 mulierum,
688 1321 736 1339 sicut
751 1321 798 1338 aliae
810 1321 899 1342 virorum,
911 1321 949 1339 sine

201 1354 272 1372 formali
284 1353 375 1371 erectione
384 1354 439 1375 atque
447 1353 494 1371 adeo
501 1353 542 1370 sine
550 1352 623 1370 formali
631 1352 765 1375 approbatione
772 1352 889 1370 auctoritatis
897 1353 950 1370 eccle-

200 1385 294 1406 siasticae;
306 1385 380 1405 idcirco,
389 1384 437 1402 sicut
448 1384 490 1402 illae
498 1384 586 1405 virorum,
598 1389 635 1401 non
645 1384 772 1406 gubernantur
780 1389 812 1405 per
820 1383 948 1401 auctoritatem
