1027 1579
367 108 383 123 Β.
394 108 493 126 emnam-'0
502 108 564 123 uit-m
814 107 841 121 10⁶

87 157 207 179 superiorum
220 158 376 176 existimationem
385 158 420 175 sibi
433 158 553 180 comparavit.
566 158 674 176 Sacerdotio
686 160 758 179 auctus,
771 158 842 176 Patavii

88 189 195 207 studiorum
208 189 320 207 curriculum
328 189 415 210 absolvit,
423 189 478 207 etiam
487 189 558 207 electus
566 190 589 207 ad
601 194 666 207 sacrae
673 189 778 212 theologiae
787 189 841 212 magi-

88 220 172 238 sterium.
186 220 207 238 ln
219 220 297 243 patriam
310 226 401 242 reversus,
414 220 524 238 sacerdotali
537 220 644 241 ministerio,
660 220 778 243 potissimum
791 226 842 242 prae-

88 251 182 269 dicatione
195 252 249 269 Verbi
262 251 302 273 Dei,
313 252 376 274 plures
388 251 450 269 retulit
462 252 568 269 salutiferos
580 252 657 272 fructus,
666 251 790 269 invalescente
801 251 842 269 eius

89 282 186 300 doctrinae
198 285 216 300 et
228 283 332 301 sanctitatis
344 283 437 305 opinione.
451 283 495 300 inde
512 283 531 301 P.
544 283 624 300 {oachim
641 283 738 304 Turriano,
754 283 842 305 magister

88 314 181 336 generalis
196 314 276 335 Ordinis,
288 320 330 332 eum
343 314 378 332 sibi
391 314 469 332 adscivit
483 314 502 332 in
520 315 597 336 socium,
609 319 663 337 quem
682 314 736 332 valde
752 314 841 332 idoneum

88 347 184 367 expertus,
196 345 215 363 iu
227 345 259 363 illo
271 351 347 364 munere
356 345 479 363 libentissime
485 345 569 367 retinuit;
578 346 643 365 donec.
655 345 736 363 instante
749 345 841 368 Episcopo

90 376 202 394 Feretranae
214 377 327 398 dioeceseos,
339 376 382 395 cleri
395 376 496 399 populique
508 377 545 394 loci
556 377 711 398 Monteoerionom
725 378 767 394 vota
779 376 843 399 depro-

90 409 158 429 mente,
171 408 204 426 Dei
217 408 314 426 Famulum
327 409 351 426 ad
362 408 412 426 illam
426 409 498 426 vineam
511 414 553 426 curn
566 408 637 431 aliquot
649 408 705 426 sociis
722 408 842 430 spiritualiter

89 439 211 457 excolendam
224 445 261 457 non
275 440 330 457 modo
342 439 448 460 destinavit,
460 440 492 457 sed
505 439 560 457 etiam
574 440 675 462 deputavit,
687 441 708 457 ut
722 440 740 457 in
753 439 785 457 illo
800 439 842 457 loco

88 470 208 488 Conventum
220 471 366 488 con'slruendum
375 472 447 488 curaret
455 472 474 488 et
482 470 562 488 familiae
575 470 671 493 religiosae
680 472 780 492 praeesset.
788 471 842 488 Prae-

89 501 161 519 dictum
173 502 262 524 oppidum
275 502 336 520 statim
346 501 399 524 petiit
412 501 519 519 Dominicus
527 503 551 522 et,
559 502 673 524 praehabitis
679 502 789 524 opportunis
801 507 842 520 con-

88 532 143 554 sniis,
155 532 253 555 impetrato
266 533 317 555 prius
326 533 433 555 Apostolico
442 533 517 550 Indulto
525 534 544 551 et
556 533 656 555 Municipio
665 533 798 551 interveniente
810 538 843 555 per

88 565 132 581 acta
145 564 213 586 publici
225 564 299 585 notarii,
311 564 340 582 die
354 564 374 581 18
387 564 448 581 martii
460 569 510 581 anno
524 564 572 586 14⁹3,
584 564 620 582 loci
632 569 665 586 pro
677 564 755 582 ecclesia
769 566 787 582 et
799 570 842 582 con-

89 596 148 612 ventu
166 594 259 617 erigendis
271 595 362 617 designati
379 595 516 617 possessionem
533 595 586 618 cepit.
605 595 656 613 illico
673 600 739 613 manus
756 595 843 613 ardenter

90 626 175 643 admovit
190 626 316 643 aedificiorum
334 626 473 645 constructioni.
486 626 630 649 praedicationis
646 632 701 648 opere
718 628 737 644 et
752 627 841 645 virtutum

88 657 177 678 exemplo
189 657 253 674 fideles
265 657 363 675 excitando
376 657 400 675 sd
412 657 539 679 eleemosynas
547 659 566 675 et
574 657 678 675 oblationes
690 657 842 680 suppeditandss.

92 688 128 706 Res
142 688 168 706 ita
180 688 227 706 bene
239 694 260 706 ac
278 688 353 711 largiter
370 689 431 710 cessit,
443 690 464 706 ut
481 689 516 706 sub
534 689 574 716 eius
591 688 673 711 vigilanti
690 689 791 706 directione
803 690 843 706 tota

94 719 196 737 aedificatio
208 719 296 737 ecclesiae
308 721 327 737 et
338 721 442 737 conventus
454 720 547 742 completa
558 720 625 741 fuerit;
637 721 693 742 atque
705 720 798 738 dominica
814 720 840 738 111

94 750 130 768 iulii
138 756 189 768 anno
203 751 252 772 1498,
264 756 296 773 per
308 751 420 773 Episcopum
434 751 592 773 Senogalliensern
604 751 645 773 ipsa
657 751 733 769 ecclesia
751 751 842 769 exstiterit

90 783 200 799 consecrata
212 781 286 799 nomine
297 783 316 800 et
327 782 382 800 titulo
394 784 470 800 sanctae
482 782 550 800 Mariae
563 782 673 800 Gratiarum.
687 782 722 800 Sed
731 782 767 800 ista
775 783 842 801 domus

89 813 123 830 Dei
135 814 155 830 et
167 813 234 831 domus
246 813 335 831 orationis
348 813 404 831 menti
416 815 435 831 et
446 813 496 831 cordi
509 813 600 831 Dominici
612 814 667 831 aliam
680 819 754 836 quoque
766 814 841 831 domum

88 845 252 867 praemonstrabat
264 844 365 867 spiritalem
378 846 397 862 et
409 845 504 862 fundatam
518 850 575 867 supra
582 844 654 862 firmam
663 847 734 867 petram
747 845 841 863 Christum

88 875 197 893 Dominum.
210 875 258 893 Dicit
269 876 317 893 enim
332 876 406 894 Petrus:
419 883 428 892 α
438 876 460 894 Et
472 881 506 894 vos
514 877 609 898 tamquam
618 876 690 898 lapides
698 876 734 894 vivi
746 876 842 894 coedifica-

88 913 98 924 ι
108 907 155 924 mini
167 906 186 924 in
198 907 273 924 domum
286 907 394 929 spiritalem,
406 907 459 928 idest.
471 907 560 929 templum
577 907 610 925 Dei
624 909 709 925 sanctum
723 915 738 925 ».
751 915 759 924 α
773 908 842 926 Praeci-

89 945 98 954 ‹
107 938 180 956 duntur
192 938 214 956 de
229 938 324 956 montibus
339 938 411 961 lapides
424 948 433 952 -
445 938 509 956 subdit
522 939 637 961 Augustinus
655 939 685 961 (In
700 939 767 957 Pealm.
780 940 819 961 121)
832 949 841 952 -

89 977 98 986 «
107 975 141 992 per
155 975 221 987 manus
233 970 379 992 praedicantium
392 970 494 991 veritatem,
502 970 654 993 conquadrantur
662 972 683 988 ut
691 970 759 988 intrent
767 970 786 988 iu
794 972 842 988 stru-

88 1008 98 1017 <
106 1002 180 1019 ctumrn
189 1001 325 1023 sempiternam.
334 1001 435 1019 Credentes
443 1001 461 1019 in
467 1001 567 1022 Christum,
572 1001 648 1019 caritate
656 1002 815 1024 compaginantur.
822 1001 841 1019 Si

89 1040 98 1048 ι
108 1033 178 1050 domus
190 1032 223 1050 Dei
236 1038 270 1050 uus
282 1032 323 1054 ipsi,
332 1038 366 1050 nos
379 1033 397 1050 in
410 1033 445 1050 hnc
453 1033 528 1050 saeculo
536 1033 661 1054 aedificamur,
668 1034 690 1050 ut
698 1033 716 1050 in
724 1032 761 1051 fine
773 1033 842 1051 saeculi

88 1071 99 1079 ‹
108 1063 221 1081 dedicemur.
234 1063 341 1081 Aedificatio
354 1063 410 1081 habet
421 1064 509 1084 laborem,
520 1064 611 1081 dedicatio
619 1064 762 1082 exsultationem
771 1071 787 1082 ι».
796 1064 843 1085 Qua·

88 1096 167 1117 propter
179 1094 293 1115 Dominicus,
305 1095 402 1117 operarius
410 1095 521 1116 indefessus,
533 1095 595 1116 verbo,
607 1100 663 1117 opere
675 1095 756 1117 totisque
772 1095 843 1113 viribus

87 1126 164 1148 sategit,
175 1127 196 1143 ut
208 1125 276 1143 visibili
289 1126 356 1143 domus
368 1126 402 1144 Dei
414 1126 498 1144 aedilicio
509 1128 528 1144 et
540 1126 607 1146 decori.
619 1126 708 1149 templum
721 1131 796 1149 quoque
808 1126 842 1149 spi-

87 1157 143 1175 ritale
156 1162 198 1174 cnm
211 1156 274 1174 divino
286 1157 337 1175 cultu
350 1158 367 1174 el
385 1157 471 1179 religiosa
487 1157 560 1179 pietate,
577 1157 647 1175 meliori
662 1162 700 1179 quo
714 1157 765 1175 fieret
781 1157 842 1178 modo,

87 1188 220 1210 responderet3
232 1189 288 1210 atque
300 1193 390 1210 prospero
402 1190 420 1206 et
432 1188 480 1206 felici
495 1194 584 1206 successu
600 1188 686 1209 obtinuit,
699 1190 719 1206 ut
737 1188 800 1210 populi
816 1188 842 1206 illi

88 1219 133 1237 viva.
145 1219 187 1240 fide,
199 1219 275 1242 optimis
287 1219 370 1237 moribus
382 1220 400 1237 et
412 1219 519 1237 christianis
532 1220 637 1240 virtutibus,
653 1221 698 1237 'tunc
716 1221 734 1237 al
750 1219 769 1237 in
782 1221 841 1242 poste-

88 1256 132 1268 rum
145 1250 237 1272 florerent,
249 1252 267 1268 et
280 1250 343 1273 plures
358 1250 422 1268 fideles
436 1252 505 1268 statum
519 1251 623 1273 religiosum
638 1251 774 1273 profiterentur,
787 1251 842 1268 etiam

88 1282 108 1299 in
123 1281 193 1299 Ordine
201 1281 260 1299 sancti
270 1281 367 1299 Dominicil
375 1282 443 1299 Verum
456 1281 489 1299 Dei
498 1282 592 1302 Famulus,
600 1282 679 1299 aliorum
693 1282 784 1304 spirituali
793 1282 842 1299 bono

87 1314 109 1330 et
120 1313 177 1330 saluti
190 1312 311 1335 prospiciens,
323 1318 419 1335 nunquam
432 1318 477 1330 suae
489 1312 608 1335 perfectionis
620 1312 718 1335 religiosae
726 1314 754 1330 est
768 1313 842 1330 oblitus.

89 1344 191 1366 Frequenti
210 1344 258 1361 enim
277 1344 345 1361 ieiunio
363 1345 382 1361 et
398 1344 481 1366 corporis
494 1344 623 1365 maceratione,
636 1344 719 1366 singulas
734 1344 842 1366 praesertim

88 1375 146 1393 ferias
158 1376 223 1393 sextas
235 1380 267 1397 per
279 1380 355 1396 annum,
367 1375 386 1392 in
400 1375 507 1392 memoriam
520 1375 624 1393 dominicae
637 1375 738 1396 Passionis,
753 1375 843 1398 transige-

117 1416 155 1428 ,ιι-η.
162 1415 187 1427 τοι,
196 1415 230 1427 xm.
237 1418 249 1426 u.
256 1415 267 1426 a
275 1421 287 1423 —
295 1415 352 1426 isi-ami.
808 1415 815 1426 s
