1027 1579
206 117 225 132 ³⁶
372 119 412 133 Am
419 118 515 136 Apelleum
523 118 566 132 Sed-'a
575 126 581 129 -
590 118 714 132 comum-im
723 118 787 135 offilo

209 168 280 189 simus
289 170 368 194 auctor
375 174 425 188 esse
431 167 509 188 voluit.
518 167 568 188 Iam
575 174 627 188 vero
634 167 759 195 plurimum
766 167 795 187 ad
803 167 948 187 emendandos

208 203 316 231 privatim
324 203 460 231 publiceque
469 210 541 224 mores
550 210 616 231 posse
625 203 694 224 Tertii
704 202 796 224 Ordinis
807 202 917 230 spiritum,
925 205 949 222 ut

207 240 247 267 qui
259 239 421 266 Evangelicam
433 239 569 267 sapientiam
582 241 646 260 totus
659 238 765 264 redoleat,
777 238 920 263 arbitramur,
932 238 948 258 si

208 276 299 303 quidem
310 275 384 296 denuo
395 275 553 300 increbrescat,
564 277 592 295 ut
601 275 660 300 olim,
671 281 722 295 cum
733 276 757 295 et
768 274 835 295 factis
845 276 870 295 et
878 273 948 295 verbis

207 311 350 338 praedicaret
361 311 447 338 ubique
461 311 595 332 Franciscus
607 317 702 338 regnum
715 310 763 331 Dei.

258 347 351 367 Etenim
360 347 459 374 primum
471 347 571 367 omnium
584 347 603 367 is
614 346 665 367 vult
675 346 699 367 in
712 345 829 367 'sortiariis
842 346 890 367 suis
898 346 947 367 emi·

208 389 267 407 nere,
279 384 397 410 tamquam
408 382 497 410 insigne
507 382 629 410 quoddam,
641 382 766 403 fraternam
777 382 903 407 caritatem,
914 388 949 410 pa-

207 418 240 439 cis
249 418 427 446 concordiaeque
443 418 640 439 studiosissimam*
661 418 774 438 Nimirum
790 418 921 445 intelligens
928 418 950 438 id

207 461 257 475 esse
269 454 323 475 Iesu
335 454 421 475 Christi
433 454 550 482 proprium
563 456 717 482 praeceptum,
730 454 791 482 quod
803 454 877 482 legem
896 453 949 475 chri-

207 490 307 511 stianam
316 490 443 511 contineret
452 496 547 515 omnem,
561 490 589 511 ad
601 491 677 517 ipsum
688 497 781 511 suorum
797 490 884 510 animos
902 489 949 510 dili-

207 525 341 552 gentissime
348 525 504 546 conformavit.
514 525 543 545 In
552 532 597 553 quo
606 525 663 546 illud
671 525 742 546 etiam
748 527 786 546 est
794 527 918 550 assecutus,
927 527 952 545 ut

209 561 297 582 Tertius
306 561 343 582 hic
353 561 413 582 Ordo
422 568 463 582 sua
474 563 556 589 sponte
564 561 722 582 communitati
731 561 849 582 hominum
857 561 951 582 maxime

207 597 315 618 saiutaris
326 597 439 618 evaderet.
453 597 522 622 Adeo,
535 604 580 625 quo
594 597 708 625 flagrabat
726 597 770 618 Dei
789 597 949 625 hominumque

208 633 287 653 ardore
297 632 419 660 seraphico,
430 639 475 653 non
483 639 537 653 eum
545 632 680 654 Franciscus
691 633 805 654 inclusum
817 633 893 654 animo
903 639 950 654 con-

207 668 280 689 tinere
290 668 373 696 potuim
385 675 476 689 necesse
487 668 569 689 habuit
581 669 647 693 foras,
659 669 688 689 ad
701 675 856 696 quoscumque
867 668 948 693 liceret,

207 703 328 724 effundere.
341 704 430 731 Itaque,
441 710 534 724 exorsus
544 703 658 731 privatam
672 704 785 725 sodalium
796 703 869 725 vitam
879 704 950 725 dome-

207 738 334 766 sticamque
342 739 453 767 corrigere
461 741 485 760 et
493 739 625 760 christianis
634 739 760 760 virtutibus
769 739 877 766 excolere,
887 740 949 767 quasi

207 774 265 795 nihil
278 776 396 802 praeterea
407 776 511 802 spectare
525 775 646 801 videretur,
660 782 705 796 non
717 775 754 796 hic
769 775 813 796 sibi
828 775 949 796 consisten-

207 810 261 830 dum
274 809 367 837 putavit
374 815 379 834 2
392 810 432 830 sed
443 810 603 831 emendatione
616 810 763 838 singulorum,
786 813 907 838 tamquam
918 811 949 831 in-

207 847 340 870 strumento,
352 844 415 866 visus
426 848 461 866 est
471 845 507 866 uti
520 845 549 866 ad
562 845 700 866 christianae
711 845 837 873 sapientiae
848 846 948 867 studium

207 880 230 900 in
239 879 355 901 societatis
362 880 476 901 humanae
483 880 535 901 sinu
542 881 694 906 excitandum,
704 881 867 909 universosque
876 888 950 903 omnes

209 916 262 937 Iesu
272 916 363 937 Christo
374 915 500 937 lucrandos.
511 928 540 931 --
548 916 614 940 Quod
624 916 695 943 igitur
701 916 825 938 -Franeisco
834 917 951 938 consilium

209 952 284 973 fuerat
292 954 318 973 ut
325 952 414 973 sodales
422 952 526 973 Tertiarii
535 952 559 972 in
567 952 656 979 magnis
663 952 710 974 illis
719 953 803 973 aetatis
811 960 865 973 suae
873 953 951 974 discor-

209 987 253 1008 diis
269 987 413 1015 motibusque
432 987 537 1008 civilibus
555 988 650 1008 nuncios
666 994 834 1015 praeconesque
849 988 913 1015 pacis
930 994 951 1008 se

208 1023 348 1051 praeberent,
357 1023 416 1044 idem
424 1022 495 1044 Nobis
503 1023 590 1044 dudum
599 1023 649 1047 fuit,
658 1030 710 1044 cum
718 1025 782 1044 totus
789 1023 836 1044 fere
843 1023 904 1044 orbis
911 1026 951 1044 ter>

208 1066 284 1081 rarum
292 1059 396 1080 horrifico
403 1059 463 1080 bello
470 1059 631 1086 conflagrabat3
637 1059 699 1081 idem
704 1062 741 1080 est
747 1065 813 1084 nunc,
821 1065 846 1080 eo
852 1059 952 1079 nondum

209 1095 277 1123 plane
290 1095 399 1116 restincto
412 1095 523 1119 incendio,
538 1101 590 1116 eum
601 1094 651 1116 eius
664 1094 751 1122 passim
761 1094 857 1120 fument,
870 1092 952 1115 alicubi

209 1131 279 1152 etiam
289 1131 445 1151 flammescant
457 1130 572 1157 reliquiae.
585 1130 628 1151 Cui
638 1129 730 1157 quidem
742 1129 883 1150 incommodo
896 1128 952 1150 illud

209 1167 297 1188 accedit
311 1166 449 1188 intestinum·
460 1166 594 1188 civitatibus
608 1165 694 1186 malum
711 1178 719 1182 -
733 1165 794 1193 quod
811 1165 887 1192 ipsum
903 1164 950 1185 din-

208 1206 277 1224 tuma
285 1202 448 1231 principiorum
456 1202 633 1223 chn'stianomm
641 1201 723 1222 oblivio
730 1200 915 1228 contempt-ioque
921 1200 952 1221 in-

209 1238 328 1266 generavit
336 1250 344 1253 -
354 1238 438 1259 civium
448 1238 547 1259 dicimus
557 1237 647 1258 ordines
658 1244 709 1258 cum
720 1236 838 1258 ordinibus
847 1238 875 1258 de
886 1238 951 1257 terre-

208 1274 291 1295 strium
299 1274 422 1302 partitione
431 1274 542 1294 bonorum
550 1274 606 1294 adeo
615 1272 750 1293 dimicantes
760 1272 848 1298 aeriter,
860 1273 887 1292 ut
895 1276 951 1291 oom-

208 1310 284 1332 munis
295 1310 341 1330 iarn
354 1310 385 1331 sit
394 1316 471 1330 rerum
482 1308 593 1337 pernicies
606 1307 755 1329 formidanda.

257 1346 331 1370 Quare
337 1345 361 1366 in
370 1345 411 1366 hoc
418 1347 464 1365 tam
473 1344 582 1365 immenso
589 1350 674 1371 eampo,
682 1343 706 1364 in
713 1349 780 1370 quem
787 1342 840 1366 Nos,
848 1344 875 1362 ut
882 1339 951 1367 Reqis

207 1381 300 1408 Pacifici
312 1383 416 1409 gerentes
428 1380 505 1405 vicem,
519 1379 652 1408 praecipuas
664 1378 775 1406 quasdam
787 1384 855 1399 curas
867 1377 951 1404 cogita-
