1027 1579
200 118 228 133 11³
364 120 403 134 Aera
412 120 508 137 spostolicae
516 120 559 134 sm,
568 127 575 130 -
584 115 709 134 mammarium
718 120 782 137 officiat«

200 170 287 191 navitate,
299 170 394 193 Evangelii
406 170 503 192 praeconis
515 171 534 187 et
545 169 633 188 indefessi
646 170 664 187 in
677 170 731 187 vinea
739 169 814 187 Domini
826 170 901 192 operarii
909 176 941 193 per>

199 201 275 219 functus
287 203 315 219 est
324 206 406 219 munere.

243 233 319 254 Revera,
327 233 378 255 quod
387 232 499 250 venerabilis
508 232 664 250 Bartholomaeus
673 234 740 250 natura
748 232 826 250 sortitus
834 233 893 250 fuerat
900 233 941 255 inge>

198 264 250 281 nium
262 264 286 281 ad
298 264 386 286 pietatem
398 264 451 281 valde
463 264 560 286 bonasque
575 265 625 281 artes
637 264 723 286 proclive,
735 265 754 281 et
765 269 776 281 a
788 264 865 285 solatiis,
880 264 942 281 divitiis

199 295 337 317 mundanisque
349 295 441 313 illecebris
453 295 540 315 alienum,
548 295 607 317 magis
619 295 675 313 etiam
684 295 757 312 fovendi
766 295 812 312 illud
820 297 838 312 et
846 295 942 317 explicandi

198 326 233 344 sibi
244 326 294 344 faeta
309 326 344 344 tuit
358 327 448 348 potestas,
465 327 564 348 postquam
580 326 692 348 optimorum
709 328 848 348 praeceptorum
865 327 883 344 in
898 326 942 344 ‹lisci-

197 357 267 380 plinam
280 359 308 375 est
320 357 405 375 traditus.
418 357 447 375 Nil
460 359 558 379 propterea
567 357 639 378 mirum,
651 357 672 378 si,
685 357 814 380 progrediente
822 359 888 378 aetate,
895 357 944 375 vehe-

198 394 251 407 mens
263 389 342 407 subinde
354 388 433 411 experiri
448 388 530 411 coeperit
543 388 656 406 desiderium
669 394 722 406 sacro
734 394 755 407 se
767 389 885 411 mancipandi
899 389 944 406 mini-

197 420 262 441 steri03
275 420 354 443 ideoque
366 425 409 438 cum
421 420 592 442 experientissimis,
608 420 678 442 quibus
693 420 787 441 utebatur,
802 421 879 443 spiritus
896 420 944 443 magi<

198 452 241 469 stris
253 453 309 469 antea
320 452 393 469 collatis
404 451 492 472 consiliis,
500 457 539 469 rem
551 457 586 469 suo
594 451 665 473 aperuit
674 451 758 474 genitori.
765 451 802 469 Sed
810 453 883 469 tantum
891 451 944 469 abfuit

198 485 219 500 ut
230 483 280 500 hunc
292 479 438 501 consentientem
447 483 487 503 sibi,
498 483 543 505 quin
552 482 614 505 potius
625 483 746 500 reluctantem
755 488 831 505 prorsus
840 483 903 505 iraque
911 488 943 500 non

199 514 286 532 mediocri
298 516 411 532 commotum
424 514 479 538 §uerit
491 516 562 531 nactus.
576 514 616 531 Non
628 514 684 531 cessit
699 515 761 532 tamen
776 514 872 536 multoque
889 514 945 531 minus

198 545 290 568 acquievit
301 545 340 566 ille;
353 550 423 566 verum,
435 547 490 567 prout
501 545 543 562 aliis
554 545 623 562 sanctis
632 545 677 562 viris
688 550 725 562 non
738 550 779 563 raro
792 545 880 568 obtigisse
892 545 942 563 refert

198 577 281 597 historia,
293 576 357 594 fidenti
369 576 482 599 assiduaque
494 581 548 598 prece
560 576 583 594 ad
595 578 694 598 augustam
701 576 734 594 Dei
746 574 944 599 Genitricem'contugit

199 608 314 630 Matremque
322 609 411 628 nostram,
420 607 497 630 eiusque
505 601 657 629 praesentissima
664 613 699 630 ope
705 611 715 625 s
721 608 809 630 gravibus
815 607 947 630 diuturnisque,

200 639 269 661 quibus
281 638 405 661 premebatur,
417 638 513 661 angustiis,
526 638 674 661 auspicatissime
686 640 769 661 ereptum
778 644 798 656 se
807 639 865 656 fuisse
873 638 945 656 memori

201 676 260 693 usque
272 671 362 693 gratoque
374 670 442 691 animo,
454 670 517 692 quoad
529 670 580 691 vixit,
596 671 678 692 repetere
694 672 712 687 et
728 670 810 692 profiteri
826 675 864 688 non
880 670 945 688 destitit

201 707 289 724 unquam.
303 701 373 719 Accidit
385 706 471 723 namque,
486 703 506 718 nt
523 706 583 718 novus
599 703 713 723 praeceptor,
728 707 783 724 quem
800 701 837 719 filio
856 701 946 719 Bartholo-

199 737 252 750 maeo
265 732 342 750 dederat
353 733 406 754 pater
421 732 512 754 cuiusque
524 737 581 754 opera
592 732 616 749 ab
628 732 674 750 inito
686 733 782 755 proposito
795 732 852 750 fllium
869 738 947 751 recessu-

199 769 241 781 rum
253 763 346 785 sperabat,
358 765 423 780 contra
435 765 491 783 atque
508 763 625 785 opinabatur,
641 763 690 781 idem
705 763 735 781 ille
751 763 806 781 fuerit
817 764 855 786 qui,
872 764 945 786 probata

198 794 304 817 agnitaque,
316 796 410 817 tamquam
423 800 472 815 vera,
484 794 517 812 filii
530 795 633 816 vocatione,
644 795 723 817 utrique,
735 795 773 813 filio
786 800 852 817 nempe
860 800 921 817 aeque
929 800 945 812 ac

198 826 251 848 patri,
258 825 304 843 satis
316 827 381 843 notum
393 825 487 848 sacrisque
499 825 564 843 litteris
572 826 684 843 celebratum
693 826 789 843 renovavit
797 826 945 848 denuntiavitque

198 857 315 875 mandatum:
328 857 398 875 obedire
409 858 475 878 oportet
488 857 523 874 Deo
535 858 595 879 mauis
606 863 662 879 quam
673 858 780 875 hominibus.
797 857 850 879 Quod
867 857 946 880 quidem,

198 889 214 906 si
226 890 299 911 gratum
311 893 366 911 quam
376 888 426 911 quod
438 888 563 911 gratissimum
576 888 642 906 habuit
650 888 705 910 filius,
717 894 751 906 nec
763 888 825 911 inique
835 889 946 911 molesteque

198 920 240 937 tulit
252 921 309 942 pater,
321 919 378 937 immo
396 921 435 937 tum
450 924 483 941 pro
497 919 611 940 auctoritate,
625 924 663 941 qua.
678 920 728 941 apud
742 924 783 937 eum
801 925 861 937 novus
876 920 947 938 valebat

198 953 312 973 praeceptor,
324 952 362 968 tum
376 956 409 973 pro
422 951 522 968 christiane
534 950 577 968 fidei
589 956 651 972 sensu,
659 951 712 968 cuius
724 951 791 973 plenus
802 953 847 972 erat,
861 951 900 969 cito
912 956 947 974 pro-

199 983 258 1005 beque
267 982 362 1002 intellexit,
371 982 405 999 sibi
414 982 482 999 amodo
490 982 581 1004 reliquum
590 987 628 999 non
636 987 683 1003 esse,
691 987 747 1004 quam
755 983 860 1000 reverenter
872 982 947 1005 obsequi

200 1014 232 1031 Dei
246 1014 344 1034 voluntati;
358 1011 580 1031 Bartholomaeo'idcirco
592 1013 636 1034 tilio,
644 1018 681 1035 quo
689 1013 738 1031 Deus
746 1018 789 1031 eum
797 1013 883 1035 vocabat,
892 1013 950 1036 sequi,

198 1045 277 1062 liberum
290 1044 357 1067 suique
369 1044 415 1062 iuris
426 1049 467 1062 esse
478 1045 541 1066 aperte
553 1044 660 1066 sincereque
673 1044 778 1062 declaravit.

244 1076 272 1093 lta
283 1076 321 1093 voti
333 1081 410 1097 compos
422 1080 478 1097 quum
492 1075 571 1092 evaserit
584 1075 743 1096 Bartholomaeus,
751 1075 795 1093 dum
805 1076 824 1093 in
832 1076 892 1093 sacris
900 1076 948 1093 addi—

199 1107 273 1125 scendis
279 1107 382 1129 disciplinis
391 1106 500 1124 industriam
508 1106 639 1128 solertiamque
646 1106 747 1128 duplicavit
755 1112 813 1128 suam,
822 1107 840 1124 in
847 1112 869 1124 ea
876 1107 948 1129 pariter,

199 1144 255 1161 quam
268 1140 339 1156 mature
352 1137 452 1155 admodum
464 1138 573 1159 arripuerat,
584 1137 673 1155 virtutum
686 1137 756 1159 semita,
770 1138 849 1155 maiores
865 1138 885 1155 in
901 1138 947 1156 diem

200 1169 336 1191 alacrior-esque
348 1168 408 1186 lacere
420 1168 559 1191 progressiones
571 1174 682 1191 magnopere
694 1169 775 1190 studuit;
787 1174 846 1191 eaque
855 1169 878 1187 de
887 1174 948 1190 causa,

199 1201 271 1223 aliquot
282 1201 324 1223 post
336 1205 401 1221 annos,
414 1200 481 1222 dignus
491 1201 520 1217 est
527 1200 608 1221 habitus,
616 1200 648 1222 qui
661 1200 771 1217 sacerdotali
781 1201 880 1222 augeretur
893 1200 948 1223 digni-

198 1233 241 1250 tate.
260 1231 343 1254 Cumque
360 1231 439 1253 primum
455 1230 513 1248 sacris
528 1232 557 1248 est
572 1232 665 1252 operatus,
681 1236 713 1248 eos
729 1231 783 1252 inter,
795 1230 826 1253 qui
842 1233 947 1253 praesentes

198 1263 298 1280 adstabant
309 1261 429 1282 solemnitati,
441 1266 496 1282 unus,
504 1261 556 1278 vultu
564 1261 697 1283 adspectuque,
705 1261 787 1279 omniurn
797 1262 947 1279 contentissimus

198 1293 285 1316 adparuit
296 1294 397 1315 sanctaque
409 1292 490 1315 gestiens
502 1292 581 1313 laetitia;
597 1292 650 1314 isque
664 1292 763 1310 novensilis
779 1292 880 1314 presbyteri
896 1294 947 1315 pater

198 1326 243 1345 erat,
254 1324 287 1346 qui
299 1329 355 1346 quun
368 1324 471 1340 abundaret
484 1323 553 1340 divitiis
566 1323 698 1345 magnificeque
710 1329 739 1341 res
752 1329 796 1341 suas
804 1323 864 1341 facere
873 1329 947 1342 consue-

197 1358 262 1377 sceret,
274 1355 310 1373 diei
323 1355 436 1372 faustitatem
449 1355 539 1372 exteriore
555 1355 636 1377 quodam
654 1356 745 1376 apparatu
757 1359 847 1372 exornare
863 1355 946 1373 celebrio-

198 1392 274 1409 remque
282 1386 353 1404 efficere
363 1385 416 1403 valde
424 1385 515 1408 cupiebat,
524 1385 585 1403 lautas
591 1386 676 1403 videlicet
684 1386 792 1403 instruendo
801 1386 866 1407 epulas
874 1386 946 1408 aliaque
