1027 1579
199 120 229 134 που
371 122 409 136 Asea
418 121 514 139 Apo-nouom
522 121 565 135 &aa
574 129 580 132 -
589 121 714 135 amum
723 121 788 139 omi·

200 171 280 189 hahetur
290 172 308 189 L.
318 172 333 189 1.
345 172 355 194 fi
369 171 400 189 fin.
409 171 430 189 D.
439 172 460 189 de
472 172 574 193 usufructu>
581 172 700 189 aeon-eomodo.
713 171 749 189 Sed
761 171 816 189 etiam
828 171 924 189 indnltarii
935 172 953 189 iu

199 208 251 223 casu,
264 202 338 220 fictione
351 203 402 224 iuris,
410 204 518 225 praesentes
529 202 622 220 habentur
629 202 698 220 divinis
709 202 773 220 officiis
783 213 791 215 -
800 208 843 220 nam
851 202 901 220 fictio
910 202 954 220 iuris

201 234 249 251 idem
260 236 349 256 operatur
357 234 376 251 in
388 239 433 252 casu
445 234 488 251 ficto
497 234 547 256 quod
558 234 627 251 veritas
639 234 657 251 in
670 239 715 251 casu
723 239 773 255 vero,
781 239 804 251 ex
812 234 823 251 l.
833 234 847 251 1.
856 234 877 251 D.
885 235 907 251 de
915 235 955 251 ada

198 266 256 287 ptimo.
268 267 287 283 et
298 265 309 283 l.
327 265 372 283 Cum
382 266 411 283 hio
422 266 481 283 statua
492 265 502 288 ἕ
515 266 536 282 Si
546 266 598 283 ambo
609 265 631 283 D.
643 266 664 283 de
675 266 768 283 danaim.
780 275 790 278 -
802 267 820 283 et
834 265 869 283 hae
882 266 953 283 ratione

201 296 305 319 percipiunt
318 298 396 319 quotam
404 297 439 314 sibi
447 297 530 314 debitam
538 297 699 314 distributionum:
707 297 795 319 quoniam
807 298 869 314 autem
878 297 910 314 isti
919 302 954 314 non

201 327 278 345 fuerunt
293 328 312 345 in
329 328 423 350 rescriptis
438 328 508 345 exclusi
525 333 537 345 a
554 328 674 350 perceptione
690 329 825 350 fullonum-u,
840 328 955 350 acquirendo

201 360 277 381 quotam
290 359 326 377 sibi
336 359 417 377 debitam
426 359 586 380 distributionum.
594 359 634 377 iure
642 359 760 377 accrescendi
767 359 879 382 participare
886 359 955 377 debent

200 390 224 408 de
236 392 295 413 quota
306 390 376 408 amissa
385 391 410 408 ab
422 391 470 408 aliis:
482 390 534 408 iuxta
547 396 570 408 ea
582 396 630 413 quae
643 391 665 408 de
676 392 717 411 iure
725 391 838 409 wore-scendi
845 391 895 409 inter
905 391 955 408 cohe-

201 422 255 439 redes
272 422 328 439 habet
344 422 506 439 Arndts-Serafini
521 422 610 444 (Traualo
627 423 674 439 delle
690 422 783 443 Pcmddte,
798 427 816 439 v.
828 422 861 443 ΙΙΙ,
877 422 887 445 5
905 422 954 443 518):

201 460 211 469 α
221 453 325 475 L'aaquisto
337 458 370 475 per
382 455 434 475 parte
446 453 464 470 di
476 453 525 471 colui
537 453 571 471 che
583 453 593 470 e
605 453 702 471 diventato
714 453 768 471 erede
780 453 799 470 di
811 458 849 470 una
860 453 955 475 porzione,

201 491 211 500 «
220 484 235 501 si
248 484 324 501 estende
337 484 355 501 di
364 484 427 502 diritto
435 484 494 502 anche
503 489 514 501 a
521 484 582 506 quelle
592 484 675 506 porzioni
684 484 700 501 le
708 484 759 506 quali
768 484 872 506 divengono
880 484 954 502 vacanti

200 523 211 532 ι
221 521 252 538 per
267 521 328 534 essere
344 516 407 534 venuti
423 521 435 534 a
450 521 537 534 mancare
553 516 559 533 i
574 516 664 534 costituiti
679 521 689 534 e
704 516 709 533 i
726 516 814 534 chiamati
831 515 882 533 dalla
898 516 955 538 legge.

202 555 211 563 ‹
221 547 290 569 Queste
304 547 387 569 porzioni
400 553 512 565 accreseono
523 548 586 570 quella
597 548 628 570 gia
639 547 744 570 aequistata
756 552 767 565 o
779 547 841 570 quella
856 547 880 565 da
895 548 956 570 acqui-

200 585 211 594 «
220 578 276 596 starsi
288 584 308 596 se
320 579 357 596 tale
369 584 471 596 mancanza
483 579 493 596 e
504 580 599 596 avvenuta
610 579 670 601 prima
678 585 694 596 ».

248 610 285 627 Res
297 610 402 627 confirmari
414 612 476 632 potest
487 610 598 630 auctoritate
610 610 707 628 Benedicti
718 610 759 627 XIV
771 612 790 628 et
801 610 823 628 cl.
834 610 956 628 D’Annihale.

203 640 236 658 ille
249 641 268 658 in
280 641 410 659 Notificatione
421 641 464 659 XIX
476 642 535 664 (tomo
541 641 561 663 V,
573 642 602 659 ed.
614 641 708 663 Scsrselli,
715 641 786 662 venet,
797 641 847 663 1740)
858 641 909 659 inter
921 641 958 659 alia

202 672 248 690 liaeo
259 672 323 690 habet:
336 680 345 688 ι
381 673 400 690 in
412 673 455 690 tutti
464 673 508 695 quei
516 673 561 694 easi,
569 673 598 691 nei
610 673 661 695 quali
671 678 718 690 sono
730 673 736 690 i
746 672 841 693 Canonici,
850 673 936 690 secondo
944 673 955 690 il

201 711 212 719 ι
222 703 240 721 S,
250 703 333 721 Concilio
344 704 362 721 di
375 704 444 722 Trento
454 710 464 722 e
475 704 491 722 le
499 706 600 722 accennate
612 704 727 725 risoluzioni,
733 704 823 726 obbligati
835 704 853 721 di
865 704 957 722 assistere

186 753 191 758 ,
200 742 211 750 ‹
221 735 239 752 al
248 735 337 756 Vesoom,
345 736 469 758 guadagnano
481 736 497 753 le
509 735 645 757 distribuzioni,
653 741 673 753 se
685 735 807 753 attualmente
819 735 916 758 impiegati
927 735 957 753 uel

201 773 211 782 «
221 766 272 784 detto
284 766 368 787 servizio,
381 772 418 784 non
430 767 525 784 assistono
537 767 555 784 al
566 772 610 784 ooro
619 773 638 788 ›;
650 768 669 784 et
680 767 747 784 deinde
763 766 834 784 subdit:
849 774 858 782 ‹
867 766 955 784 Essendo

201 805 212 813 ι
220 798 265 820 pero
278 798 347 820 d'uopo
358 798 450 816 avvertire
465 798 498 816 che
510 800 581 821 quanto
597 798 613 816 si
628 799 638 816 e
653 799 704 816 detto
717 798 765 816 delle
779 798 918 819 distribuzioni,
932 798 957 816 ha

203 836 211 844 ι
220 829 276 852 luogo
288 829 307 846 in
316 834 357 847 esse
365 830 389 847 ed
397 829 415 847 in
424 829 487 852 quella
495 830 582 851 porzione
591 829 625 847 che
633 834 718 847 acci-esce
730 830 747 847 ai
759 829 841 851 presenti
849 834 882 851 per
890 829 910 847 la
918 830 957 847 lon<

200 867 211 876 ‹
220 862 300 878 tananza
315 860 364 883 degli
379 860 427 882 altri,
440 866 470 878 ma
485 866 523 878 non
535 861 584 883 negti
599 861 720 878 emolumenti
728 860 777 883 degli
785 860 908 882 anniversari,
922 861 957 878 che

201 898 211 907 ‹
220 892 281 914 giusta
293 892 311 909 la
323 892 400 909 volonta
411 892 441 910 dei
452 892 538 910 testatori
550 897 597 910 sono
605 892 670 909 dovuti
681 892 699 909 ai
711 891 746 909 soli
754 891 836 914 presenti
843 891 888 909 ».1‹:t
897 892 957 909 D'An-

202 923 264 940 nibale
279 923 323 945 (vol.
335 923 367 944 ΙΙΙ,
383 924 422 946 181)
437 923 507 941 scribit:
525 931 533 939 ι
547 923 644 946 Quotquot
660 925 722 941 autem
737 924 845 945 praesentes
860 923 957 941 habentur

200 961 211 970 ‹
220 954 294 972 flatione
300 954 352 976 iuris,
358 955 420 972 verius
427 955 537 977 participant
544 955 600 973 etiam
606 955 703 976 fallentia«
710 954 821 975 absentium,
827 959 874 976 quas
880 956 957 975 vocant,

201 992 211 1001 ‹
220 985 296 1008 perinde
308 991 329 1003 ac
342 986 360 1003 hi
371 986 403 1008 qui
416 987 460 1004 suut
471 988 579 1008 praesentes
591 986 653 1008 reipsa
661 993 676 1003 ».
703 1000 705 1002 .

244 1017 265 1034 In
272 1017 386 1035 contrarium
393 1017 454 1035 afferri
462 1019 525 1039 potest
532 1017 625 1035 sententia
632 1017 762 1039 quorumdam,
768 1018 787 1034 et
792 1016 867 1039 quidem
875 1022 957 1040 magnae

201 1050 262 1070 notae,
270 1048 376 1069 Doctorum,
388 1048 416 1066 uti
428 1048 555 1071 Castropalao,
568 1048 663 1066 Bonacina
674 1048 797 1070 aliorumque,
808 1047 840 1070 qui
848 1048 956 1070 expositam

200 1080 307 1098 doctrinam
321 1080 413 1101 reiiniunt,
424 1080 470 1102 quia
480 1080 499 1097 in
511 1085 588 1102 corpore
600 1079 646 1097 iuris
657 1085 694 1097 non
707 1081 735 1097 est
746 1079 844 1101 dispositio
859 1084 910 1101 quae
926 1080 958 1097 tri-

202 1111 249 1128 buat
260 1112 391 1133 fallentium»-
402 1111 539 1133 perceptionem
551 1116 589 1128 non
601 1110 731 1133 praesentibus
743 1110 819 1132 physice
834 1110 904 1128 divinis
919 1111 958 1128 offi-

201 1142 235 1160 ciis
246 1144 265 1160 et
277 1143 321 1165 quia
332 1142 378 1160 haec
392 1142 476 1160 doctrina
488 1142 537 1160 cedit
548 1142 567 1159 in
578 1142 710 1160 detrimentum
722 1142 784 1159 cultus
791 1141 854 1159 divini.

247 1174 290 1194 Sed,
303 1174 358 1191 etiam
371 1173 487 1191 admittendo
498 1173 549 1195 quod
557 1173 675 1195 capitulares,
684 1178 721 1195 quo
734 1172 815 1190 minores
827 1177 905 1190 numero
916 1173 956 1190 sint

201 1205 338 1227 participantes
353 1205 487 1226 fallentiamm,
500 1209 523 1222 eo
538 1204 635 1227 pinguiore
649 1204 733 1221 mercede
747 1203 855 1221 alliciuntur
869 1203 895 1221 ad
911 1204 958 1222 assi-

200 1236 291 1254 stentiam
308 1235 408 1257 choralein,
420 1235 486 1253 exinde
501 1241 540 1253 non
551 1235 649 1253 conficitur
663 1240 702 1253 non
716 1236 790 1253 exstare
805 1234 957 1257 dispositionem,

202 1267 268 1285 saltem
281 1266 395 1289 implicitam,
407 1266 458 1288 iuris,
470 1266 581 1285 contrariam
589 1272 653 1284 eorum
662 1266 771 1284 sententiae.
779 1266 802 1283 Et
810 1270 855 1283 sene
863 1265 957 1284 Doctores

200 1298 232 1316 isti
248 1298 316 1316 docent
330 1298 448 1316 solummodo
460 1298 535 1320 physice
550 1297 680 1320 praesentibus
694 1297 751 1315 tribui
767 1297 957 1318 debere.salleutn·an;

203 1330 239 1347 sed
252 1334 316 1347 eorum
329 1329 437 1350 sententiae,
449 1331 469 1347 ut
481 1329 518 1347 alia
529 1329 623 1350 reticeam,
630 1329 693 1346 obstat
701 1329 765 1351 praxis
777 1328 836 1351 ipsius
844 1328 863 1346 S.
870 1328 890 1346 C.
899 1334 956 1351 quae,

202 1361 286 1379 iuhilatis
300 1361 370 1383 pluries
384 1361 484 1378 declaravit
500 1362 604 1383 competere
621 1361 721 1382 fallentem,
735 1360 763 1378 uti
777 1360 839 1377 videre
853 1361 881 1377 est
893 1365 954 1382 penes

203 1392 322 1414 D'Annibale,
334 1392 366 1413 111,
379 1392 411 1410 183
423 1392 465 1415 (51).
478 1392 513 1414 Qui
525 1393 604 1415 loquens
616 1392 671 1410 etiam
687 1392 710 1409 de
725 1391 864 1414 capitularibus.
876 1391 909 1414 qui
922 1392 954 1409 vel
