1027 1579
197 127 223 142 128
364 129 403 144 Αοειι
412 130 508 148 Apoetoueac
516 129 560 144 Soa-‘0
569 137 575 140 -
584 130 709 144 ammonium
717 130 782 148 Officioh

245 180 313 198 Eadem
321 180 360 198 Nos
366 180 446 202 quidem,
453 180 569 198 venerabiles
574 180 645 202 fratres,
651 180 775 198 sollicitudine
782 181 877 202 afficimur,
885 181 948 199 eadem

200 217 257 230 cansa
268 211 379 230 adducimur
393 212 417 229 ad
432 211 560 233 scribendum;
575 212 677 234 periculum
695 213 724 229 est
739 212 789 229 enirn
804 218 828 230 ne
843 212 948 230 istiusmodi

199 242 330 261 controversiis
342 242 371 260 vel
383 242 451 260 civium
464 243 512 260 inter
524 243 574 260 cives
586 243 669 260 caritatis
681 243 755 261 vinnula
766 243 878 265 relaxentur,
886 243 916 261 vel
928 249 949 261 en

199 274 303 292 infirmetur
314 274 418 295 concordia,
430 279 468 296 qua
479 274 554 296 quidem
567 279 635 297 parvae
646 279 676 292 res
688 276 780 295 crescunt,
788 274 828 292 sine
840 280 879 297 qua
894 275 950 292 maxi-

200 311 242 324 mae
252 305 369 323 dilabuntur:
385 304 404 323 in
420 305 522 327 primisque
539 310 563 323 ne
580 305 641 323 clerus
654 305 754 327 quicquam
771 305 794 323 de
809 310 844 323 sua
859 305 949 328 dignitate

199 336 334 359 ministeriique
345 336 454 354 efficacitate
464 336 560 359 deperdat,
571 336 587 354 si
600 336 669 354 eisdem
685 336 845 359 disputationibus
860 336 949 354 immode-

199 370 239 386 rata
251 368 369 386 contentione
380 373 423 386 sese
434 368 560 385 immiscuerit.

244 400 283 417 lam
295 404 339 417 vero
350 404 389 421 qua
400 404 420 417 ae
432 399 504 417 ratione
516 399 577 417 clerus
588 404 650 421 gerere
663 399 735 420 debeat,
743 404 782 417 non
797 399 858 417 solum
872 399 892 417 in
908 400 950 417 istis

200 432 233 450 sed
247 431 303 449 etiarn
319 431 338 448 in
353 431 419 449 ceteris
430 436 491 448 rerum
509 431 608 452 adiunctis,
620 432 698 453 apparet
712 436 735 449 ox
747 431 770 448 iis
782 431 867 453 Apostoli
882 431 950 452 verbis,

199 463 267 486 quibus
283 462 377 485 praeclare
392 462 495 480 sacerdotis
509 467 587 479 munera
600 462 744 480 adumbrantur:
763 469 771 477 ι
781 462 846 480 Omnis
863 462 949 480 Pontifex

200 502 209 511 α
218 500 241 512 ex
252 493 361 511 hominibus
373 494 481 515 assumptus
493 498 527 515 pro
539 493 646 511 hominibus
658 493 777 511 constituitur
785 493 804 510 in
813 493 836 510 iis
843 498 892 515 quae
904 495 950 511 sunt

200 534 209 541 «
218 525 241 543 ad
253 525 312 543 Deum
321 531 330 540 ι
343 524 376 547 (aa
387 525 445 545 Hebri,
458 524 490 545 111,
502 524 524 547 1).
537 524 563 542 Ex
575 524 605 542 his
616 525 690 542 constat
701 524 764 542 divina
772 524 827 546 plane
838 529 881 542 esse
888 530 950 542 sacer-

200 557 249 575 dotis
260 556 327 577 officim
339 556 364 573 ob
376 560 454 578 eamque
466 560 504 573 rom
517 560 555 573 non
566 555 633 573 debere
649 555 746 573 ministerii
762 555 803 573 eius
819 555 949 573 auctoritatem

199 587 278 606 terrenis
290 586 360 605 servire
371 586 459 609 negotiis;
471 587 489 604 et
501 586 587 609 quamvis
598 591 636 604 non
650 586 771 608 prohibeatur
784 586 845 604 clerus
861 586 950 604 civilibus

198 619 275 639 iuribus.
286 619 308 636 ut
319 618 374 636 ceteri
386 618 440 639 cives,
452 618 484 639 uti,
496 618 546 636 hunc
558 619 620 635 tamen
632 623 687 635 usum
696 623 798 640 numquam
807 619 893 640 oportere
899 619 948 636 sacri

199 650 296 669 ministerii
307 649 348 667 eius
359 649 462 667 efficacitati
474 649 545 667 obesse.

243 681 298 703 Quod
310 680 326 698 si
338 680 459 698 sacerdotalis
470 680 520 698 aetio
531 685 576 698 omn
594 682 613 698 et
624 682 708 703 temporo
719 682 738 698 st
749 680 790 698 loco
806 680 829 698 ad
844 680 894 698 hane
907 686 949 698 nor-

199 718 247 732 mam
260 712 316 731 debet
327 711 381 734 exigi,
393 713 432 729 tum
444 712 552 734 praesertim
564 712 619 730 debet
631 717 673 729 cum
685 712 774 734 populum
789 712 812 729 ad
826 711 947 730 christianam

198 744 309 767 sapientiam
321 743 401 761 instituit
413 743 496 761 docendo
509 743 538 761 vel
546 743 676 765 praedicando.

241 776 306 798 Itaque
319 776 402 792 vestrum
417 774 458 795 erit,
469 774 585 792 venerabiies
596 774 668 795 tratres.
680 774 755 797 vigilare
770 775 792 792 ut
806 775 867 792 clerus
882 774 946 793 iuven-

196 808 242 826 tutis
253 806 394 827 iustitutionem,
405 806 424 823 in
439 811 495 828 quarn
511 805 586 828 quidem
598 811 632 828 pro
643 806 672 823 sui
684 805 739 823 officii
752 805 866 823 conscientia
877 806 944 824 incum-

197 840 230 857 bat
240 839 319 861 oportet,
331 838 426 859 tamquam
438 838 483 854 nota
497 837 634 859 supernaturali
649 837 757 858 conformet,
769 837 818 855 unde
830 837 885 855 facile
897 838 945 855 hom

196 871 230 888 Dm*
243 870 267 887 ab
281 868 369 886 omnihus
381 869 498 891 agnoscatur.
513 868 574 890 Atque
585 868 607 885 ut*
617 873 639 885 ex
652 868 715 886 labore
727 873 762 885 suo
773 868 861 885 sacerdos
872 868 946 889 uberes,

196 902 227 925 qui
243 901 347 923 sperantur,
358 899 429 917 fructus
441 899 536 921 percipiat,
548 899 564 917 is
574 899 661 917 omnibus
673 899 729 917 rebus
745 899 847 917 instructus
862 899 887 917 sit
899 904 946 922 quas

195 934 280 954 tempora
295 930 396 953 postulant,
411 935 496 952 quaeque
507 935 551 948 eum
566 930 662 952 discipulis
676 931 750 953 gratum
764 932 900 953 acceptumque
912 930 946 948 effi-

196 963 255 981 ciunt:
268 962 348 980 maxime
359 966 403 979 vero
411 961 493 983 linguam
502 961 560 983 probe
572 961 643 982 calleat,
651 966 688 984 qua
700 961 745 979 varii
757 963 836 979 utuntur
847 961 945 979 hominum

195 995 271 1013 ordines
278 993 389 1016 quibuscum
397 997 431 1014 pro
439 992 499 1010 officio
507 992 644 1010 communicare
656 992 716 1014 debet,
724 997 767 1010 cum
778 997 839 1014 secus,
851 992 878 1010 uti
889 994 945 1015 patet,

195 1024 310 1048 impossibiie
321 1025 371 1042 essct
383 1023 479 1041 ministerii
491 1023 520 1041 sui
532 1023 640 1041 exercitium

240 1056 268 1074 Ad
283 1060 355 1073 sacram
373 1054 530 1077 praedicationem
548 1054 599 1077 quod
616 1054 702 1077 pertinet.
714 1054 757 1072 fidei
771 1060 882 1077 morumque
894 1055 944 1073 dum-

195 1089 247 1106 taxat
258 1086 362 1104 doctrinam
373 1085 466 1107 explicent
477 1085 590 1107 sacerdotes,
602 1091 636 1103 nec
651 1086 754 1103 tractantes
765 1085 865 1108 quicquam
881 1091 894 1103 a
909 1091 943 1104 suo

194 1120 277 1142 ipsorum
290 1116 427 1139 supernaturali
439 1121 516 1134 munere
528 1116 615 1138 alienum,
627 1122 668 1134 eam
676 1122 750 1138 semper
759 1116 868 1139 gravitatem
883 1118 944 1135 osten>

195 1151 240 1169 dant
251 1154 299 1172 quae
311 1148 369 1166 divini
381 1147 432 1165 verbi
445 1152 536 1169 praecone
548 1148 605 1170 digna
616 1147 646 1165 sit.
659 1148 680 1165 In
692 1153 729 1170 quo
743 1148 818 1170 quidem
833 1149 944 1165 revocentur

195 1182 214 1200 in
226 1186 287 1202 usum,
298 1179 314 1198 si
326 1179 373 1197 forte
385 1178 404 1196 in
416 1178 529 1197 oblivionem
540 1179 630 1200 venerint,
642 1179 797 1201 praescriptiones
811 1178 854 1197 illae
869 1184 918 1202 quae
933 1184 943 1196 a

195 1213 213 1231 S.
224 1212 312 1234 Congreg.
325 1210 452 1228 Consistoriali
465 1210 494 1228 die
506 1215 565 1228 xxviii
577 1210 623 1228 iunii
635 1215 713 1228 ueuxvn
725 1210 785 1228 editae
797 1211 846 1231 sunt,
858 1215 942 1233 quaeque

194 1245 213 1262 in
226 1243 312 1262 Codicem
325 1241 373 1259 Iuris
381 1241 469 1259 Canonici
477 1243 521 1259 sunt
529 1241 604 1262 relatae,
612 1242 634 1259 ad
644 1246 666 1259 ea
674 1241 793 1264 exsequenda
802 1247 850 1264 quae
863 1241 902 1259 Nos
911 1247 942 1264 per

194 1275 300 1298 Enoyclioas
312 1273 392 1291 Litteras
403 1273 487 1290 Humani
498 1274 569 1295 vener-ia
580 1273 717 1294 redemptionom
729 1273 891 1291 mandaveramus-

238 1307 265 1324 De
276 1305 364 1323 facultate
376 1305 438 1321 autern
452 1304 500 1326 typis
517 1304 628 1326 scriptiones
645 1303 717 1325 edendi,
734 1303 823 1326 quoniam
837 1304 939 1322 mirandum

194 1339 212 1357 in
229 1337 304 1355 modum
319 1341 341 1353 ea
354 1335 412 1353 crevit
426 1340 448 1352 ac
462 1340 563 1357 permagna
577 1335 660 1352 eiusdem
672 1334 701 1352 vis
715 1336 743 1352 est
758 1334 776 1352 in
793 1336 892 1357 utramque
903 1340 940 1357 par-

171 1382 173 1384 ,
193 1372 236 1390 tem,
248 1373 289 1386 curn
305 1371 385 1385 errorem
402 1371 461 1388 aeque
477 1371 498 1383 ac
511 1366 608 1383 veritatem
623 1365 726 1383 incredibili
742 1365 834 1383 celeritate
850 1365 938 1388 divulgari

194 1401 258 1424 possit,
270 1399 337 1417 idcirco
351 1397 388 1415 Nos
400 1397 485 1419 religiose
497 1397 591 1414 observari
606 1397 692 1414 volumus
704 1397 754 1419 quod
768 1398 858 1414 statutum
875 1399 903 1415 est
914 1402 938 1415 ca»

1011 1349 1012 1431 i

1007 1485 1012 1568 Ι
