1027 1579
191 113 217 128 1oe
352 116 392 130 Auta
401 115 496 134 Apostolus·
504 115 548 130 Sed-*-
557 123 564 126 -
573 115 698 130 eom-mim
707 115 771 134 OM&

189 165 227 183 bat.
239 165 339 187 Modestus.
352 165 407 187 mitis,
424 165 506 187 humilis,
518 165 597 183 orationi
615 165 709 187 assiduus,
721 167 809 188 totusque
825 165 887 183 divino
904 170 939 182 ser-

188 196 234 214 vitio
245 198 264 214 et
276 197 380 215 animarum
393 197 449 215 saluti
467 202 500 219 per
517 202 591 215 sacrum
607 197 731 215 ministerium
748 197 871 219 mancipatus.
884 196 940 218 Supe-

187 227 242 245 rioris
254 233 329 250 quoque
345 233 414 246 munus
431 228 529 251 diligenter
540 228 621 251 gerebat,
633 229 690 251 atque
705 228 771 246 officiis
788 228 824 246 sibi
836 227 940 245 commissis

188 264 292 282 numquam
303 259 372 280 deerat,
384 259 480 277 sodalibus
492 261 511 277 et
522 260 621 280 extraneis,
634 259 661 278 uti
676 260 723 277 alter
737 259 837 282 Angelicus
853 259 940 280 Thomas,

188 291 208 308 in
215 291 320 313 exemplum
329 290 402 308 virtutis
414 292 432 308 et
440 290 535 309 doctrinae
544 291 699 313 praeponebatur.
708 291 797 311 Tandem,
805 290 835 308 die
840 290 861 308 21
871 291 940 308 decem*

189 321 228 339 brie
240 322 289 343 1551,
302 323 401 344 postquam
414 321 489 340 Missam
502 321 622 340 devotissime
633 322 759 339 celebraverat
771 323 789 339 et
802 321 887 339 Officium
897 321 941 339 divi-

189 358 233 371 num
246 353 365 375 persolverat,
377 353 476 371 decantato
488 358 572 375 vespero,
584 353 654 371 accitos
666 353 732 370 fratres
743 353 767 370 ad
780 354 864 370 mutuam
877 352 942 370 carita-

189 385 226 402 tem
238 385 257 402 et
269 384 371 407 regularem
384 384 522 402 observantiam
541 384 651 402 exhortatus
666 385 700 405 est,
712 384 815 406 eademque
831 384 866 405 die,
879 383 942 406 prouti

189 420 209 433 se
221 415 330 433 moriturum
340 415 462 438 praedixerat,
473 415 595 433 sacramentis
611 415 705 433 Ecclesiae
720 415 818 437 susceptis,
831 415 886 433 Pater
903 415 943 432 dul-

189 446 276 464 cissimus
287 447 335 464 inter
347 446 486 464 amantissimos
498 447 564 465 fratres
571 448 590 464 et
598 446 647 464 filios
659 446 784 469 placidissime
796 446 878 464 animam
886 446 942 464 exha-

188 477 238 495 lavit.
251 478 307 495 Hisce
319 478 398 495 breviter
410 477 518 500 praemissis
525 478 548 495 de
557 478 599 499 vita,
610 478 669 500 gestis
676 479 695 495 et
703 477 755 495 obitu
768 477 819 495 Servi
828 477 867 498 Dei,
879 477 942 500 prouti

189 514 212 526 ex
223 508 275 526 Actis
287 508 437 531 procsssualibus
445 510 541 530 eruuntur,
549 514 599 527 nune
607 508 686 526 transire
694 510 768 531 oportet
775 509 799 526 ad
811 508 942 531 quaestionem

189 539 291 562 principem
303 540 326 557 de
338 540 388 558 cultu
401 540 481 562 publico,
493 540 623 561 ecclesiastico,
636 539 770 561 immemoriali,
782 540 854 562 absque
865 539 945 557 interru-

189 571 257 593 ptione,
269 571 293 589 ad
305 571 351 588 haec
362 576 422 593 usque
434 573 523 593 tempora,
532 572 647 592 continuato.
662 571 722 589 eidem
731 571 829 588 Dominico
838 570 944 593 spatiarer:

189 602 277 619 exhibito,
290 602 366 619 Actores
378 602 457 623 Causae,
469 602 581 620 authenticis
590 602 702 620 testimoniis
714 604 732 619 et
744 602 860 620 documentis
868 602 887 619 in
899 601 945 619 Pro-

189 638 243 651 cessu
255 633 374 651 informativo
386 633 487 651 Feretrano
498 633 562 651 relatis
573 633 651 651 fidenter
667 633 743 654 suffulti,
761 633 853 651 eiusmodi
869 633 943 650 cultum

189 664 310 686 comprobare
322 665 404 685 student,
416 665 467 682 iuxta
479 665 554 682 decreta
565 670 591 682 sa.
603 670 638 682 me>
650 664 721 682 Urbani
734 664 796 687 Papae
807 664 850 681 VIII
860 666 878 681 et
895 665 945 681 vete-

189 701 227 713 rem
246 695 292 713 iuris
307 695 399 717 ordinem;
415 696 506 718 siquidem
525 696 651 718 Apostolioam
667 695 833 718 dispensationem,
848 695 903 713 iustis
919 695 945 712 de

189 727 257 748 causis,
269 727 390 745 obtinuerunt
402 727 432 745 die
444 728 463 744 21
477 727 541 749 aprilis
559 727 603 745 lm
614 732 625 744 a
637 727 716 745 decretis
732 727 751 745 S.
767 727 789 744 R.
801 727 821 744 G.
834 727 853 744 11
867 732 944 744 novem-

191 758 229 775 bris
242 758 285 776 19¹2
297 760 315 776 et
326 758 347 776 31
361 758 440 776 ianuarii
456 759 499 776 1913
510 760 529 776 et
540 764 552 776 a
564 758 719 781 dispositionibus
735 758 805 776 codicis
819 758 869 775 lun'e
886 758 944 775 Cano-

189 790 232 811 uici,
245 790 276 808 lib.
290 790 318 811 IV,
330 790 357 807 tit.
369 790 424 811 XXV,
437 797 446 806 α
459 790 481 808 de
493 795 582 813 processu
594 790 737 808 beatificationis
749 790 849 807 Servorum
863 789 896 807 Dei
910 795 943 812 per

189 828 198 837 «
207 821 255 838 viam
268 821 330 839 cultus
341 827 375 839 ssu
384 826 439 839 casus
448 821 519 844 excepti
528 829 543 839 ιι.
552 821 667 844 Argumenta
675 821 694 839 in
704 821 786 839 medium
798 821 854 838 allata
866 821 885 838 in
893 821 940 839 duos

188 853 276 870 articulos
288 853 402 875 dividuntur,
414 858 493 875 quorum
506 853 577 875 primus
589 853 664 875 respicit
672 858 734 870 aeram
743 852 868 870 centenariam
881 857 942 875 usque

188 884 212 901 ad
224 889 294 902 annum
304 884 353 905 1634,
362 884 408 902 alter
420 885 463 906 post
474 884 524 901 hunc
536 889 607 902 annum
619 884 643 901 ad
655 884 704 901 hanc
716 889 776 906 usque
788 885 873 901 aetatem.
882 883 943 901 Utris-

188 920 225 938 que
236 915 309 933 collatis
321 915 410 937 aniculis,
421 915 529 933 summatim
541 915 639 933 dicendum
656 917 684 933 est
700 914 805 933 sanctitatis
817 915 892 935 famam,
905 920 943 937 qua

189 946 223 964 Dei
235 946 324 964 Famulus
335 947 355 964 in
368 946 406 964 vila
417 948 436 964 et
447 948 490 969 post
501 946 574 964 obitum
586 946 678 968 inclaruit,
690 946 709 963 in
718 946 780 968 ipsum
788 946 879 964 excitasse
892 946 943 963 Chri-

189 977 296 995 stifldelium
308 978 427 995 devotionem
445 979 463 995 et
475 977 545 995 cultum
557 977 670 1000 religiosum,
682 977 777 999 publicum
790 979 808 995 et
818 978 943 995 constantem.

189 1009 205 1026 Δ
219 1009 318 1031 praedictis
332 1009 381 1026 enim
397 1009 427 1026 die
444 1010 463 1026 et
478 1013 529 1026 anno
546 1008 617 1030 mortis,
635 1008 716 1031 populus
731 1008 821 1026 confluxit
834 1008 858 1026 ad
873 1013 943 1031 corpus

189 1040 275 1058 exanime
288 1040 406 1061 visitandum,
415 1040 437 1058 ad
447 1040 530 1058 solemne
538 1040 594 1057 funus
608 1041 627 1058 et
643 1040 665 1057 ad
678 1039 783 1062 sepulcrum
793 1045 830 1057 non
843 1044 943 1057 commune

188 1071 222 1089 sed
233 1071 357 1089 honorificum
365 1076 388 1089 ex
396 1071 457 1093 lapide
469 1072 597 1088 constructum
605 1072 624 1088 et
632 1071 713 1093 positum
724 1071 743 1088 in
752 1071 835 1092 ecclesia,
843 1070 867 1088 ad
879 1071 943 1088 dexte-

189 1107 229 1120 ram
241 1102 305 1120 altaris
317 1102 412 1124 principis,
424 1102 456 1120 ubi
468 1102 539 1124 quievit
550 1107 611 1124 usque
623 1102 647 1120 ad
659 1107 728 1120 annum
742 1102 791 1123 ¹545,
799 1107 837 1124 quo
849 1107 906 1123 anno.
918 1102 943 1119 ab

189 1133 241 1151 obitu
257 1133 347 1156 vigesimo
362 1135 436 1156 quarto,
453 1133 477 1151 ab
493 1133 604 1151 auctoritate
621 1133 747 1151 ecclesiastica
763 1133 863 1153 ordinaria,
878 1138 942 1151 coram

189 1165 264 1187 publico
277 1164 349 1182 notario
361 1164 454 1187 plerisque
467 1164 558 1187 personis,
570 1166 652 1182 reserato
664 1164 756 1187 sepulcro,
768 1164 808 1182 eius
816 1169 884 1187 corpus
897 1164 942 1182 inter

189 1201 242 1219 grum
255 1201 369 1218 suavemque
377 1196 442 1214 afflans
450 1196 527 1214 odorem
539 1198 632 1218 repertum
641 1197 675 1214 est.
684 1195 818 1214 Christifideles
826 1201 880 1218 opem
890 1196 942 1214 Servi

190 1228 224 1245 Dei
236 1227 351 1249 imploraturi
363 1229 471 1245 constanter
487 1228 511 1245 ad
524 1227 630 1250 sepulcrum
647 1227 760 1245 accedebant
773 1232 814 1245 cum
831 1226 908 1248 fiducia,
924 1228 942 1245 et

190 1259 253 1281 plures
265 1264 298 1281 pro
311 1258 406 1276 beneflciis
413 1260 432 1276 et
439 1259 570 1277 sanationihus
578 1259 659 1281 acceptis
666 1258 767 1281 gratiarum
776 1258 866 1279 actiones,
873 1258 942 1276 devoto

190 1290 257 1307 affectu
269 1291 287 1307 et
298 1294 389 1312 generosa
400 1290 502 1312 oblatione,
513 1290 621 1308 reddebant.
635 1290 685 1307 Idem
698 1295 766 1312 corpus
781 1289 799 1307 in
814 1289 883 1307 sacello
899 1289 942 1308 late

190 1321 224 1339 rali
236 1321 295 1338 sancti
311 1321 403 1339 Dominici
420 1326 432 1338 a
451 1321 537 1342 Suriano,
553 1321 641 1339 ecclesiae
659 1322 734 1339 sanctae
752 1321 820 1339 Mariae
830 1320 942 1341 Gratiarum,

190 1352 276 1374 publicae
293 1352 407 1369 venerationi
425 1352 530 1374 expositum
547 1352 616 1370 mansit
627 1357 687 1374 usque
703 1352 727 1369 avl
744 1357 814 1370 annum
828 1352 876 1369 1677.
889 1352 942 1370 Tunc

190 1383 245 1405 enim,
257 1383 292 1401 rite
303 1383 418 1406 recognitum
427 1384 445 1401 et
458 1383 477 1401 in
490 1388 539 1401 nova
546 1388 589 1401 arca
601 1383 709 1405 repositum,
717 1383 787 1406 ingenti
796 1383 859 1406 populi
871 1384 891 1401 et
899 1383 942 1401 cleri
