1027 1579
374 109 414 124 Am
422 109 499 124 Boudia-¹
508 110 539 124 PP.
547 110 579 124 XV
834 108 852 123 3⁹

100 165 154 180 rum
169 166 230 187 quae
248 160 339 188 inopiae
355 160 391 181 vel
410 160 519 184 tenuitati
536 161 640 181 oomitari
657 161 744 186 solent;
753 167 852 188 cumque

102 195 165 216 inter
179 195 315 223 proletarios
330 198 354 217 et
373 196 475 224 copiosos
491 196 545 217 illae
561 196 706 217 intercedant
721 196 852 218 simultates

103 238 162 259 quas
172 231 277 257 diximus,
289 232 318 252 ad
328 232 454 253 acuendam
471 232 600 253 tenuiorum
617 232 728 253 invidiam
746 233 852 253 aeeedere

103 268 223 295 profusum
232 268 301 289 nimis
308 268 433 289 multorum
443 268 532 289 cultum
540 268 645 296 eorporis,
656 264 752 296 indign'a
758 275 852 296 prorsus

102 303 198 324 lieentia
206 304 359 325 coniunctum.
370 304 421 328 Qua
429 304 454 325 in
464 311 489 325 re
499 304 555 325 satis
563 304 670 332 equidem
679 304 798 332 deplorare
807 311 852 325 non

103 346 226 367 possumus
236 341 272 360 tot
281 346 308 361 ex
318 339 400 367 quavis
410 342 487 361 aetate
496 347 523 362 ae
534 347 616 367 genere
625 340 761 361 caecitatem
772 340 852 361 mulie-

103 382 161 401 rum,
172 382 237 403 quae,
248 376 324 397 studio
332 376 439 404 placendi
448 376 583 402 infatuatae,
594 383 639 397 non
648 376 729 398 vident
739 378 852 404 quantum

103 411 151 436 illa,
162 419 209 440 qua
216 414 322 437 utuntur,
331 412 421 433 insania
429 412 529 434 vestium
537 419 582 433 non
592 412 667 434 solum
675 412 760 441 optimo
769 413 851 441 cuique

104 447 248 475 displiceant,
261 447 300 468 sed
311 447 385 468 Deum
396 447 519 468 offendant.
534 447 614 475 Neque
624 447 687 468 enim
698 447 756 468 satis
766 448 853 468 habent

101 490 156 504 eum
163 483 206 504 tali
214 485 298 504 ornatu
308 496 315 500 -
324 490 392 511 quem
401 484 514 511 plurimae
523 490 601 504 earum
610 483 665 504 olim
673 483 851 508 exhorruissent,

103 522 130 540 ut
141 519 282 540 christianae
299 519 425 540 modestiae
442 519 509 540 nimis
530 521 697 547 repugnantem
708 532 716 536 -
727 519 818 547 prodire
827 519 852 540 in

104 555 223 583 publicum
231 571 237 580 ‚
247 555 303 583 quin
315 555 382 576 aedes
391 561 469 576 sacras
477 555 566 582 ingredi
576 562 621 576 non
631 557 739 576 verentur
749 557 774 576 et
783 555 807 576 in
817 562 853 577 sa-

104 597 196 611 crorum
208 591 339 612 celebritate
352 591 444 616 versari,
457 592 528 619 atque
539 591 610 612 etiam
622 591 652 612 ad
663 591 739 619 ipsam
750 597 853 612 mensam

104 626 294 653 Eueharisticam,
304 628 329 649 in
341 633 388 654 qua,
397 627 489 648 divinus
498 626 647 648 castimoniae
658 628 738 648 auctor
747 627 852 651 sumitur,

105 662 225 684 foedarum
236 663 324 684 deferre
334 663 448 684 lenocinia
457 663 617 691 cupiditatum.
640 663 755 684 Mittimus
775 664 852 684 autem

104 706 150 725 eas,
159 706 220 727 quae
226 706 299 727 nuper
307 707 334 720 ex
342 699 449 721 barbaria
458 700 482 721 in
491 700 608 720 hominum
618 699 758 727 elegantium
767 705 853 720 morem

105 737 224 760 venerunt,
238 734 296 756 alias
312 735 364 755 aliis
383 734 512 760 deteriores,
534 734 675 760 saltationes,
693 734 777 762 quibus
795 734 857 755 nihil

104 771 202 792 inveniri
211 773 288 799 potest
299 772 378 799 aptius.
387 771 416 792 ad
427 778 517 793 omnem
527 770 655 792 exueuuam
664 770 830 792 verecundiam.

163 807 227 828 Haec
239 806 258 827 si
271 806 393 834 diligenter
405 806 510 828 Tertiarii
523 806 612 827 sodales
624 806 773 831 attenderint,
786 805 853 826 intel·
873 808 879 812 ’

105 843 243 873 ligent-quid
256 850 270 863 a
280 849 309 868 se,
319 842 435 864 Francisci
446 842 552 867 alumnis,
563 845 653 870 tempus
663 842 770 870 postulet.
782 841 853 862 Nimi-

105 885 159 899 rum
176 878 312 900 intueantur
330 880 420 906 oportet
429 878 453 899 in
467 879 539 899 vitam
551 878 629 899 Patris
649 879 698 904 sui;
710 878 855 899 considerent

106 916 195 942 quanta.
205 915 226 936 ei
237 920 352 942 quamque
361 921 470 942 expressa
478 921 532 935 eum
542 915 596 935 Iesu
608 915 700 935 Christo
712 914 783 935 fuerit
793 914 854 935 simi-

106 950 187 976 litudo,
200 950 299 971 maxime
311 950 336 971 in
347 950 417 971 huius
428 951 508 972 mundi
519 950 636 978 fugiendis
647 950 771 972 commodis
784 950 854 971 susci-

106 986 243 1014 piendisque
252 986 374 1011 doloribus,
386 986 426 1014 qui
436 988 460 1007 et
469 986 603 1015 pauperculi
616 986 660 1007 sibi
671 993 752 1007 nomen
763 992 854 1014 pepere-

106 1022 143 1048 rit,
152 1024 178 1043 et
185 1022 210 1043 in
218 1029 312 1050 corpore
320 1029 361 1043 suo
372 1023 483 1050 stigmata
492 1022 605 1050 aeoeperit
615 1022 722 1043 Crucifixi
730 1027 736 1047 ;
746 1024 817 1050 atque
824 1022 854 1043 ab

107 1065 133 1079 eo
148 1065 194 1079 non
208 1065 232 1079 se
244 1058 382 1086 degenerare
395 1059 524 1083 ostendant,
540 1060 700 1086 paupertatem
713 1058 797 1079 saltem
810 1057 854 1085 spi-

104 1094 151 1115 ritu
156 1094 315 1122 amplectendo
322 1101 348 1115 ac
354 1096 426 1115 semet
430 1095 493 1122 ipsos
500 1094 633 1121 abnegando
640 1100 751 1121 suamque
758 1093 856 1121 quisque

103 1137 196 1155 ,crucem
213 1130 320 1151 tollendo.
331 1130 456 1151 Tertiariae
471 1137 531 1155 vero,
541 1130 601 1158 quod
619 1130 648 1151 ad
665 1137 704 1151 eas
720 1129 855 1158 praesertim

106 1166 197 1191 attinet,
207 1173 259 1188 sese
268 1166 292 1187 in
302 1166 383 1187 habitu
395 1168 467 1194 atque
475 1166 499 1187 in
509 1166 571 1187 omni
581 1167 644 1188 vitae
654 1166 720 1188 cultu
730 1166 855 1194 praebeant

105 1202 188 1223 ceteris
196 1202 279 1230 puellis
287 1202 443 1230 matronisque
452 1204 545 1223 sanetae
552 1202 679 1230 pudicitiae
686 1202 855 1226 documentum

106 1244 149 1259 nee
157 1239 242 1266 putent
250 1244 275 1259 se
283 1238 366 1259 melius
374 1237 404 1259 de
414 1238 516 1259 Ecclesia
524 1238 599 1266 deque
606 1237 725 1266 republica
732 1244 801 1265 posse
810 1244 855 1258 me—

106 1275 151 1296 reri
162 1281 233 1302 quam
244 1276 403 1302 corruptorum
414 1274 516 1302 parando
526 1274 710 1295 emendationem
721 1279 815 1294 morum
826 1286 854 1289 —

107 1310 173 1334 Quod
183 1310 203 1331 si
212 1309 300 1331 sodales
310 1310 378 1332 huius
390 1309 482 1331 Ordinis
492 1310 521 1331 ad
531 1309 693 1338 opitulandum
699 1309 778 1337 egenis
787 1310 811 1331 in
819 1316 854 1330 ee-

105 1352 158 1366 rum
168 1346 305 1367 neeessitate
315 1345 438 1373 multiplici
451 1345 526 1366 varias
536 1345 699 1367 beneficentiae
709 1345 810 1366 rationes
820 1344 853 1364 in-

105 1383 241 1406 stituerunt,
248 1384 310 1403 certe
319 1381 461 1403 commissuri
469 1388 514 1402 non
523 1382 584 1406 sunt,
594 1383 621 1402 ut
628 1381 717 1406 fratres,
725 1387 770 1401 non
778 1385 854 1400 rerum
