1027 1579
205 127 224 141 w
351 117 357 123 ”
378 128 414 143 Acta
424 128 514 146 spasmum
523 128 564 142 stae
573 136 578 139 -
587 127 708 142 Commentariun
718 127 781 145 officiat„

203 183 262 200 genus
274 178 309 195 sibi
319 183 428 199 consonum,
440 183 450 195 s
463 177 576 195 monasterio
585 182 660 199 egressa
668 177 754 194 Tolosam
763 177 843 198 revertit,
851 177 883 194 ubi
891 177 954 199 plures

203 209 259 227 horas
271 209 307 227 diei
319 209 409 231 impendit
421 209 440 226 in
453 208 527 231 pietatis
539 210 557 226 et
572 208 633 226 cultus
648 208 746 229 exercitiis,
758 208 827 230 quibus
842 213 905 226 amore
920 208 954 226 Dei

203 241 221 258 et
233 240 272 258 zelo
284 240 389 258 animarum
401 240 460 263 magis
472 240 581 257 incenditur.
594 239 712 257 Lemovicum
725 244 799 261 quoque
811 239 864 261 petiit
872 240 893 256 ut
901 239 954 257 Prae-

203 271 262 289 sulern
274 273 360 293 patruum
373 276 429 289 suum
441 271 534 292 inviseret,
542 276 554 288 a
562 276 599 293 quo
611 270 701 288 salutaria
710 270 780 288 monita
788 272 806 288 et
814 270 891 288 consilia
899 271 953 292 potis-

202 302 271 320 simum
282 302 305 320 de
317 302 408 324 spirituali
420 302 458 319 vita
470 302 552 319 interiori
565 302 687 319 libentissime
699 301 774 324 accepit.
788 302 855 319 Postea
868 301 953 323 Tolosae,

202 334 252 356 apud
260 334 348 351 Moniales
355 339 366 351 a
372 334 430 351 Beata
438 334 495 351 Maria
501 333 574 355 Virgine
580 334 699 355 nuncupatas
707 334 725 350 et
733 333 830 355 religiosae
839 334 857 350 et
864 334 953 350 actuosae

202 365 251 383 vitae
267 364 413 387 experimentum
426 364 468 387 egit,
484 364 582 386 simulque,
595 364 667 382 muneri
682 364 717 381 sibi
733 364 833 381 commisso
849 365 897 381 recte
913 364 953 381 fun-

202 401 253 419 gens,
266 396 337 418 puellas
348 396 411 414 docuit
424 401 466 413 curn
479 397 543 413 mutuo
559 396 627 418 gaudio
639 397 658 413 et
670 396 753 417 profectu
769 395 837 413 mentis
852 397 871 413 et
886 395 953 413 cordis.

202 428 293 445 Alumnae
305 428 354 445 enirn
366 427 460 450 religione,
472 427 538 444 litteris
555 427 646 449 bonisque
663 427 746 444 moribus
758 427 864 447 instructae,
880 427 904 444 ad
920 426 953 444 vii·-

201 460 251 476 tutes
259 460 277 476 et
285 459 309 476 ad
317 463 370 476 sacra
378 458 467 476 continuo
476 458 610 478 alliciebantur,
622 459 678 480 atque
691 458 731 479 ipsa
740 457 834 480 magistra,
842 458 951 480 vigesimum

201 495 271 508 annum
282 495 346 512 agens,
359 491 448 512 perpetuo
460 489 552 507 castitatis
568 490 617 510 voto,
630 489 744 506 confessario
759 490 860 510 annuente,
875 494 896 507 se
912 489 951 506 Deo

201 521 278 539 omnino
293 521 418 539 consecrabat.
434 520 547 538 Austerioris
564 520 612 538 vitae
628 520 696 542 cupida
712 520 745 538 Dei
761 520 844 541 Famula,
859 520 951 542 exquisita

202 553 282 570 virorum
294 552 414 575 prudentium
426 551 524 573 sententia,
532 557 582 569 anno
592 551 641 572 1812,
650 551 697 569 inter
706 551 783 569 Sorores
795 557 806 568 a
814 553 878 569 sancto
888 552 951 569 Alexio

202 586 305 606 cooptatur,
316 585 403 606 suscepto
415 583 490 601 nomine
502 583 559 600 Maria
567 588 578 600 a
587 583 634 604 lesu,
643 583 690 600 votis
698 583 753 600 etiam
763 583 879 605 nuncupatis,
889 588 952 600 mense

202 615 247 633 iulio
259 615 303 633 anni
317 615 365 632 1815.
377 614 463 637 Aegrotis
474 614 562 632 curandis
574 614 702 636 quinquennio
714 619 788 636 operam
798 614 849 631 dedit
862 614 951 636 singulari

201 646 297 669 diligentia
309 648 327 664 et
339 646 420 664 caritate.
434 646 463 663 Ob
476 646 543 663 multas
552 646 608 663 animi
617 645 726 666 anxietates,
734 645 785 667 gravi
793 645 869 663 tristitia
876 646 895 663 et
904 650 951 663 moe

202 683 243 695 rore
255 679 319 695 auctas
332 682 363 699 per
375 677 446 694 obitum
463 676 484 694 cl.
497 682 531 694 me.
547 676 633 698 Episcopi
648 676 673 694 du
690 676 758 699 Bourg,
772 676 834 698 patrui
849 676 884 695 sui.
899 681 952 693 soror

203 708 261 726 Maria
273 713 284 726 a
296 708 338 726 lesu
351 708 368 725 in
382 708 467 725 morbum
480 707 544 726 incidit
556 707 663 725 diuturnum
677 712 718 725 cum
731 709 813 725 extremo
830 707 918 729 languore
933 708 952 724 et

202 740 301 758 debilitate.
308 739 370 761 Quum
378 739 493 761 aliquantum
502 739 645 759 convalesceret,
654 739 706 756 iussu
715 738 801 761 Episcopi
810 738 951 759 Lemovicensis,

202 771 233 793 qui
246 771 344 789 demortuo
354 770 436 788 Praesuli
447 770 472 788 du
485 770 547 792 Bourg
555 771 676 791 successerat,
684 770 708 787 ad
717 775 783 792 pagum
793 770 859 787 anuoe
867 769 951 791 mittitur,

201 804 223 820 ut
229 803 276 820 vires
284 802 371 820 reficeret.
381 802 424 828 Illic,
431 802 517 819 hortante
525 803 543 819 et
552 801 642 824 dirigente
650 802 715 819 eudem
722 801 815 822 Anusiite,
822 807 890 818 novum
900 801 951 818 Insti-

202 835 261 851 tutum
275 839 383 856 praeparare
395 833 456 855 coepit
467 838 518 850 anno
531 833 574 850 1829
586 834 603 850 et
615 832 742 855 sequentibus*
755 832 835 853 Interim,
843 837 892 850 annu
903 832 951 854 18:30,

201 865 273 883 Ancilla
285 865 318 883 Dei
332 865 449 883 Lemovicum
461 864 521 885 rediit,
533 864 672 882 moderatricem
685 864 772 881 Sororum
786 869 797 881 a
810 865 875 881 sancto
886 864 951 881 Alexio

201 896 279 919 eligendi
292 901 353 914 causa.
367 896 401 913 Per
413 895 512 913 triennium
529 895 685 913 clementissimus
697 895 747 912 Deus
763 894 856 917 disposuit
871 894 911 912 vias
927 895 950 912 ad

200 932 259 945 novae
272 926 379 944 Sodalitatis
392 926 509 947 erectionem,
521 932 575 948 quae,
587 931 609 944 ex
622 926 681 948 ipsius
697 926 730 943 Dei
743 926 859 948 providentia
870 927 889 943 et
905 926 951 943 Bea-

201 958 273 976 tissima
286 958 341 976 Maria
354 958 428 980 Virgine
443 958 551 978 auxiliante,
563 962 613 975 anno
630 957 674 975 1833
686 959 750 975 exorta
762 958 795 974 est.
808 957 904 979 Siquidem
921 957 951 979 pia

201 989 267 1007 mulier
279 989 336 1007 Maria
348 989 430 1010 Lawsoe,
443 989 499 1010 vidua
511 994 552 1006 cum
565 988 615 1006 binis
627 989 700 1006 filiabus
708 989 748 1006 suis
760 988 779 1005 in
791 993 838 1011 pago
847 989 911 1006 Brivas
919 989 950 1006 sso-

200 1021 261 1039 ridum
273 1021 375 1043 puellarum
389 1020 485 1043 collegium
498 1020 588 1042 dirigebat
599 1020 623 1037 ad
635 1020 694 1037 instar
702 1019 782 1037 familiae
790 1019 887 1042 religiosae
895 1022 951 1042 atque

200 1052 279 1070 alterum
287 1052 346 1069 simile
359 1052 377 1069 in
390 1057 437 1074 pago
446 1052 533 1068 Tarracon
542 1051 638 1068 instituere
646 1051 744 1073 cogitabat.
753 1051 810 1068 Soror
818 1050 875 1068 Maria
883 1056 894 1068 a
902 1051 950 1072 lesu,

200 1084 223 1101 de
235 1084 271 1101 hac
282 1088 302 1101 re
314 1083 384 1104 edocta,
396 1082 506 1105 praehabita
520 1082 605 1099 familiari
620 1082 761 1100 conversatione
773 1087 814 1099 cum
831 1082 873 1103 illis,
885 1087 951 1104 oppor>

200 1116 245 1133 tune
253 1120 285 1133 eas
296 1115 314 1132 in
326 1114 387 1132 socias
395 1115 413 1131 et
420 1113 520 1131 adiutrices
529 1113 570 1131 novi
580 1113 662 1131 Instituti
670 1113 706 1131 sihi
714 1113 797 1134 adscivit,
805 1115 866 1135 atque,
874 1113 950 1130 obtento

200 1146 297 1168 utriusque
310 1145 396 1167 Episcopi
405 1144 561 1163 Petrocoricensis
569 1145 588 1162 et
595 1144 733 1162 Lemovicensis
741 1150 841 1166 consensu,
849 1149 890 1162 cum
900 1149 949 1166 prae-

200 1176 254 1195 dictis
266 1176 361 1194 sodalibus
373 1174 393 1194 iri
409 1175 497 1198 oppidum
510 1176 576 1193 Evaux
591 1181 611 1193 se
626 1175 710 1196 contulit,
725 1175 786 1193 medio
802 1180 866 1193 meuse
879 1175 950 1193 octobri

201 1211 252 1226 anno
266 1208 313 1225 1833.
326 1208 364 1225 lllic
376 1213 441 1225 omnes
453 1207 570 1229 postulantes
583 1212 615 1229 pro
631 1212 678 1224 nova
694 1207 847 1229 Congregatione,
862 1207 880 1224 in
896 1207 943 1224 soda

202 1240 241 1257 lilio
258 1239 287 1257 cui
302 1244 369 1257 nomen
386 1246 394 1255 α
407 1239 467 1256 Verbo
488 1238 585 1256 lnearnato
598 1245 607 1254 ι
623 1238 717 1255 interdum
732 1239 822 1260 receptae,
837 1238 949 1260 tyrocinium

199 1276 297 1294 aggressae
309 1272 359 1292 sunt,
370 1270 406 1288 sub
422 1270 522 1288 directione
539 1270 663 1291 lnstitutricis,
678 1270 743 1287 matris
754 1271 773 1287 et
788 1269 892 1292 magistrae.
909 1269 951 1287 Cae·

200 1295 241 1320 testi
252 1302 322 1319 lumine
334 1303 353 1319 et
364 1301 436 1319 mariali
449 1301 557 1323 patrocinio,
573 1301 649 1318 assidua
661 1302 679 1318 et
694 1301 772 1318 ferventi
788 1305 841 1323 prece
856 1305 894 1317 una
908 1306 950 1318 cum

200 1333 239 1351 suis
252 1333 318 1355 'puellis
330 1333 433 1355 implorato,
446 1332 478 1350 Dei
491 1332 568 1350 Famula
576 1332 718 1350 constitutiones
729 1333 748 1349 et
759 1332 832 1354 regulas
840 1331 951 1354 conscripsit

200 1370 253 1387 quas,
260 1364 339 1386 primurn
348 1364 371 1382 ad
377 1364 525 1386 experimentum
533 1363 639 1385 permissas,
646 1364 710 1385 postea
719 1363 788 1380 revisas
794 1364 815 1380 et
822 1363 877 1380 laude
884 1363 950 1385 dignas

200 1397 289 1418 repertas,
301 1395 330 1413 die
342 1396 364 1413 25
378 1394 465 1413 februarii
478 1394 522 1412 anni
535 1394 579 1412 1834
593 1395 698 1416 Episcopus
715 1393 869 1411 Petrocoricensis
884 1395 904 1411 et
920 1394 949 1411 dio
