1027 1579
347 122 386 134 Acta
395 120 472 134 smdien'
481 120 511 134 PR
520 120 550 134 11⁷
805 117 824 131 35

76 171 145 192 elesia
158 173 183 192 et
195 171 258 192 trina
270 171 399 199 triumphat
410 171 494 192 militia
506 171 670 198 salvandorum
683 180 692 190 n
707 170 719 190 ¹.
733 170 782 194 Quo
796 176 823 190 ex

76 207 207 228 testimonio
218 207 347 235 gravissimi
356 206 399 228 viri
408 209 432 228 et
441 206 543 234 aequalis
552 206 644 227 illorum
653 208 787 234 temporum,
797 208 824 226 ut

77 243 122 265 alia
134 243 275 269 omittamus,
288 243 355 264 facile
375 242 513 270 intelligitur
533 249 601 270 quam
620 242 713 270 penitus
731 241 825 269 lateque

77 278 218 304 Francisous,
229 279 271 300 hoc
278 279 392 304 instituto,
402 278 497 307 populos
506 279 658 304 commoverit,
668 280 824 306 quantamque

75 317 101 335 et
109 321 179 342 quam
186 314 311 335 salutarem
318 315 343 335 in
350 315 383 335 eis
390 321 467 335 rerum
476 314 644 335 conversionem
652 313 764 335 excitarit.
774 314 825 334 Iam

77 357 130 371 vero
140 352 168 371 ut
178 350 271 371 Ordinis
283 350 359 375 Tertii,
371 357 442 377 aeque
454 357 480 371 ac
490 350 558 378 primi
569 352 593 371 et
605 349 706 374 alterius,
718 350 825 370 dubitare

77 393 123 407 non
132 386 187 407 licet
195 386 251 414 quin
262 388 341 407 auctor
349 386 484 407 Franciscus
492 386 613 411 exstiterit,
623 386 657 407 ita
666 386 767 407 eiusdem
776 385 826 407 sine

77 422 126 443 ulla
142 421 286 443 dubitatione
302 422 382 449 legifer
399 422 583 450 sapientissimus
599 422 649 450 ipse
665 422 715 443 fuit.
734 422 763 442 In
780 428 825 449 quo

77 457 194 485 egregiam
202 457 225 478 ei
233 464 324 486 operam
334 458 434 482 navavit,
444 459 471 478 ut
479 457 614 485 accepimus,
626 457 754 479 Cardinalis
764 457 825 485 Ugo-

77 493 145 518 linus,
156 493 177 514 is
186 493 226 521 qui
235 493 322 518 deinde,
333 493 436 521 Gregorii
446 493 477 514 IX
486 493 530 515 sibi
539 493 646 521 imposito
657 493 754 518 nomine,
766 493 825 514 hanc

77 528 233 557 Apostolicam
247 529 328 550 Sedem
339 528 479 553 illustravit;
492 529 604 557 idemque,
618 535 688 557 quum
701 529 826 550 Assisiensi

76 564 209 592 patn'archa
217 564 393 586 familiarissime
401 572 457 586 usus
465 566 532 590 esset,
543 565 618 593 quoad
626 565 665 585 ille
674 565 737 590 vixit,
746 567 826 593 postea

75 600 128 621 eius
142 600 271 628 sepulcrum
286 600 438 628 pulcherrimo
455 600 540 629 templo
556 600 826 628 magnifieeutissimoque

76 636 169 657 clausit.
184 636 298 663 Requlam
310 639 387 657 autem
400 637 562 657 Tertiariorum
573 636 619 657 rite
629 643 679 657 esse
691 636 779 658 Nieolai
792 636 826 657 IV

75 672 204 693 decesson's
215 672 294 693 Nostri
307 672 445 693 auctoritate
457 672 569 694 sancitam
584 672 662 693 nullus
674 672 770 700 ignorat.

128 708 215 729 Verum
221 709 249 729 de
256 708 292 729 his
299 707 356 729 nihil
363 708 448 729 attinet
454 708 501 729 Nos
509 708 581 736 plura,
590 708 731 729 venerabiles
739 709 826 734 fratres,

75 744 164 765 addere
173 750 177 765 :
188 743 246 765 illud
257 744 316 765 enim
327 744 363 765 hic
374 744 444 765 Nobis
455 746 508 765 ante
520 744 597 765 omni-a
606 744 736 765 faciendum
745 746 788 769 est,
800 746 829 765 ut

75 780 198 808 ingenium
211 780 362 808 propriusque
375 780 475 808 spiritus,
488 780 528 808 qui
540 780 630 806 dicitur,
643 780 746 801 instituti
759 781 828 801 huius

76 817 198 844 appareat,
208 816 238 837 de
249 823 300 844 quo,
313 818 340 837 ut
350 816 466 837 Francisci
476 818 559 842 aetate,
570 817 605 838 ita
616 817 678 838 hisee
688 816 828 844 temporibus

74 859 140 879 quae
149 852 233 872 virtuti
240 851 350 880 Fideique
359 854 407 873 tam
416 852 508 873 inimica
517 855 578 878 sunt,
587 853 716 880 praeclaras
725 853 749 874 in
757 859 828 881 popu-

73 887 125 909 lum
135 887 288 908 christianum
296 887 410 909 utilitates
419 888 463 909 sibi
472 888 570 916 spondet
579 888 687 909 Ecclesia.
697 888 771 909 Probe
779 888 828 916 qui-

74 923 130 944 dem
142 929 228 951 gna-rus
238 930 315 944 rerum
325 930 352 944 ae
361 927 488 952 temporum
500 924 545 944 Leo
555 924 622 950 XIII,
633 924 736 945 decessor
746 924 829 945 Noster

75 958 113 980 iel.
122 965 171 980 rec.
180 958 341 980 'sertim-iorum
351 959 501 987 disciplinam,
511 966 556 987 quo
565 959 791 980 accommodatiorem
800 960 829 981 ad

74 1001 159 1015 omnes
171 994 272 1016 cuiusvis
284 995 369 1022 gradus
381 995 491 1020 redderet,
505 995 676 1016 Constitutione
686 996 750 1016 edita
762 995 829 1016 Mise-

75 1030 150 1051 ricow
160 1029 205 1051 Dei
214 1030 294 1056 Filius,
303 1037 363 1052 anno
374 1037 549 1056 uncccnxxiun,
559 1037 637 1052 eorum
645 1031 707 1058 leges
719 1031 755 1052 vel
764 1038 829 1059 regu-

75 1066 125 1087 lam
138 1075 149 1085 u
165 1065 231 1087 iuxta
242 1068 374 1094 praesentes
385 1066 500 1087 societatis
511 1067 697 1088 eisfflmstantias
710 1076 720 1086 η
732 1067 830 1095 pruden-

75 1102 171 1123 tissime
183 1102 326 1130 temperavit,
339 1102 367 1123 de
379 1101 419 1123 illa
431 1101 538 1123 videlicet
552 1102 630 1130 aliqua
641 1103 789 1128 immutando,
803 1105 831 1123 ut

75 1137 177 1162 minora,
188 1139 213 1158 et
220 1144 279 1165 quae
288 1144 341 1158 cum
350 1137 386 1158 his
395 1137 495 1158 moribus
505 1145 586 1166 parum
596 1138 730 1159 viderentur
738 1145 830 1159 consen-

76 1175 151 1194 tanea.
161 1178 165 1194 z
178 1181 188 1192 «
201 1179 245 1200 quo
255 1175 333 1194 tamen
343 1173 403 1194 facto
412 1173 470 1194 nihil
482 1174 606 1202 demptum,
618 1174 657 1199 ait,
667 1174 696 1195 de
705 1174 756 1203 ipsa
766 1174 830 1195 Ordi-

78 1218 88 1227 «
97 1209 137 1230 nis
155 1211 240 1229 natura
257 1211 358 1237 putetur,
368 1216 437 1237 quam
454 1210 545 1230 omnino
563 1210 668 1232 volumus
685 1210 831 1232 immutatam

80 1254 89 1264 ι(
99 1247 176 1272 atque
187 1244 301 1272 integram
315 1251 449 1273 permanere
464 1255 480 1266 n,
495 1245 576 1266 Omnis
588 1245 660 1273 igitur
672 1253 700 1267 ea
715 1247 749 1267 rei
761 1246 831 1267 hujus

78 1280 215 1301 immutatio
232 1282 322 1301 versata
339 1280 480 1302 extrinsecus
498 1283 539 1307 est,
550 1281 611 1302 haud
628 1281 703 1309 ipsam
719 1282 769 1303 eius
785 1282 832 1303 vim

79 1316 242 1343 rationemque
252 1316 338 1344 attigit,
349 1323 409 1344 quae
419 1316 473 1338 talis
483 1319 620 1345 perseverat,
633 1318 724 1345 qualem
737 1318 832 1339 sanetis-

136 1392 140 1399 ¹
152 1391 159 1405 1
170 1390 203 1406 Cel.
213 1395 239 1408 xv.
249 1391 272 1406 ⁴⁰.
