1027 1579
365 116 381 130 ἃ
391 116 490 133 Gonyroynuo
499 116 560 130 uisum
819 114 837 128 il

91 166 107 182 1¹
116 165 221 183 decembris
232 165 276 183 anni
291 165 333 183 1849
345 166 481 183 lemovicensis
494 166 575 183 Antistes
591 165 713 183 libentissime
730 165 838 187 probarunt.

89 196 114 213 Ex
129 196 180 221 hisce
197 198 271 214 constat
286 197 363 214 Sorores
376 204 384 212 ι
393 202 404 214 a
422 197 489 214 Divino
501 197 598 214 Salvatore
614 198 632 214 et
648 202 659 214 a
675 197 729 214 Ssrha
741 196 814 218 Virgine
823 203 838 217 ›‚

87 232 133 250 quae
145 228 228 245 induunt
243 229 303 246 vestes
319 228 371 246 iuxta
385 224 483 250 specialem
496 228 574 245 formam
587 230 605 245 et
617 228 695 245 colorem
709 228 838 250 praescriplas,

87 258 198 280 peculiarem
210 259 266 277 finem
278 259 346 277 habere
358 259 431 277 fidelem
443 259 581 277 observantiam
593 259 647 281 primi
660 260 678 276 et
690 259 766 276 alterius
780 259 838 276 divini

86 290 186 312 praecepti,
200 295 265 313 nempe
277 290 381 308 dilectionis
394 290 426 307 Dei
439 291 457 307 et
469 290 553 312 proximi,
566 295 598 312 per
610 290 740 312 cognitionem,
750 295 838 311 amorem,

85 322 103 338 et
114 320 239 339 imitationem
249 321 280 339 Dei
289 322 308 338 et
316 321 419 338 Salvatoris
427 321 485 338 nostri
494 321 536 338 lesu
545 320 613 338 Christi
622 321 700 343 eiusque
709 321 773 338 Semae
786 320 838 338 Geni-

86 352 135 369 tricis
147 352 217 370 Mariae
230 352 314 375 Virginis.
327 352 377 370 Inter
388 357 444 374 opera
454 357 497 369 vero
504 357 552 374 quae
561 352 612 374 ipsae
620 357 705 370 exercere
713 352 787 374 debent,
795 357 837 370 eum

84 383 161 401 caritate
173 385 192 402 et
204 383 328 406 simplicitate,
340 385 459 401 recensentur
473 388 573 406 puerorum
587 385 605 401 et
620 383 724 406 puellarum
740 383 837 401 instructio

84 414 182 436 catholiea,
190 417 246 438 atque
255 415 370 433 infirmorum
379 420 401 433 ac
411 420 513 437 pauperum
522 415 599 433 assidua
611 416 629 433 et
637 415 716 437 diligens
724 415 811 437 cogitatio
819 416 838 433 et

83 451 127 463 cura
139 446 160 463 in
173 446 293 467 nosocomiis,
305 446 391 468 hospitiis
399 451 421 464 ac
429 446 521 464 domibus.
531 446 608 467 interea,
615 446 706 468 tyrocinio
714 446 748 470 rite
757 448 837 468 peracto,

83 477 101 494 in
112 478 184 495 sacello
197 477 282 495 Sodalitii
294 483 305 495 a
317 478 378 495 Verbo
394 478 498 498 Incarnato,
514 478 580 495 Evam
596 478 614 495 in
629 483 682 500 pago,
697 478 777 495 novitiae
793 478 837 495 novi

83 508 174 530 Instituti,
186 514 265 531 quarum
278 509 338 531 prima
350 509 384 526 fuit
397 509 454 526 Maria
467 509 548 530 Lacoste,
560 509 590 526 die
601 509 613 526 9
624 508 711 526 februarii
728 514 778 526 anno
794 509 838 526 1831-

81 539 171 562 religiosa
178 541 229 557 veste
238 540 335 557 benedicta
344 540 420 558 indutae
432 541 481 561 sunt,
488 541 511 561 et,
520 540 596 557 biennio
604 540 673 562 elapso,
682 539 711 557 die
721 540 742 557 15
749 540 836 558 februarii

81 570 126 588 anni
140 571 192 592 1835,
200 571 279 589 solemni
291 571 328 589 ritu
340 571 416 589 eaedem
429 571 506 589 Sorores
518 571 604 593 religiosa
616 572 660 589 vola
668 565 775 589 emiserunt.
784 571 837 589 Dein-

82 607 126 624 ceps
142 602 200 620 Soror
217 602 274 620 Maria
289 608 301 620 a
315 602 362 623 lesu,
379 602 488 624 respectivis
505 602 609 620 Ordinariis
626 602 742 620 Dioecesium
759 602 837 620 libenter

82 634 218 655 annuentibus,
232 634 278 651 alias
295 634 361 651 domos
377 633 459 651 instituti
474 634 560 651 fundavit
575 633 594 651 in
611 633 657 651 locis
672 634 700 650 Ia
715 634 837 654 δοκέω-ναίω,

82 664 176 682 dioecesis
186 665 327 686 lemovicensis,
337 670 385 687 quae
397 665 461 682 habita
469 666 498 682 est
506 665 532 682 uti
541 665 595 682 sedes
603 665 695 687 princeps,
704 665 782 686 Ουτέυαῑ,
789 664 837 682 dioe-

83 696 132 713 oesis
145 696 309 717 Clnmmontensis,
321 697 408 717 lausum,
417 696 507 714 dioecesis
515 696 636 719 Agennensis,
645 696 738 718 Borydrac,
747 696 837 713 dioecesis

83 726 248 748 Petrocoricensis,
260 729 316 750 atque
328 727 346 745 in
359 727 433 750 oppidis
445 728 495 745 dicae
507 729 525 745 et
538 728 604 748 miore,
617 727 643 744 ita
654 728 676 745 ut
687 727 766 750 singulis
781 727 836 745 annis

83 758 169 781 singulae
182 759 219 776 rere
232 758 350 776 fundationes
362 757 501 781 responderent.
513 759 572 776 Aucto
585 758 675 776 Sororum
682 763 760 776 numero
773 758 837 780 eisque

83 790 230 811 postulantibus,
246 790 356 808 auctoritate
370 790 456 812 Episcopi
475 790 636 811 Petrocorioensis,
654 789 782 807 consentiente
797 789 837 812 Epi-

83 826 142 844 scopo
155 821 288 843 lemovicensi,
299 821 357 839 Soror
368 821 425 839 Maria
437 827 448 839 a
460 821 507 842 lesu,
520 822 544 839 ob
556 826 609 839 suam
618 821 711 844 pietatem,
719 821 835 843 prudentiam

83 852 169 875 aliasque
181 852 264 873 virtutes,
276 852 295 870 in
308 852 447 870 Moderatricem
463 853 567 875 generalem
581 859 589 868 ι
599 852 681 870 Instituti
693 857 705 869 a
716 852 783 869 Divino
798 852 836 870 Sal-

84 885 148 902 vatore
160 885 178 901 et
191 884 245 902 Ssma
257 884 331 906 Virgine
340 891 349 899 ι
362 884 421 901 electa
432 885 451 901 et.
462 884 571 901 confirmata
582 884 622 901 fuit.
631 883 685 901 Anno
699 883 773 901 demum
787 884 836 905 mm.

83 915 133 933 votis
145 917 164 933 et
176 915 263 937 precibus
275 915 363 932 Famulae
375 915 409 932 Dei
421 915 537 933 satisfactum
553 916 581 932 est
597 920 629 937 per
641 915 750 932 electionem
766 915 836 932 domini

84 946 189 964 Dissundes
202 946 285 968 Begesat,
292 946 354 963 vicarii
362 946 454 968 generalis
463 946 604 967 Lemovicensis,
613 946 632 963 in
641 946 776 964 moderatorem
784 951 836 969 gene-

83 978 140 995 ralem
154 977 313 999 Congregationis,
325 977 357 999 qui
365 977 424 995 eidem
434 977 530 995 Sodalimi
540 982 627 1000 magnum
635 977 769 995 incrementum
780 977 836 999 dedit,

84 1010 162 1031 urgente
174 1008 216 1030 ipsa.
227 1008 330 1026 fundatrice
345 1010 364 1026 et
378 1008 463 1026 antistita
477 1009 557 1031 generali
574 1008 651 1026 Sorores
663 1008 686 1026 ad
698 1009 835 1026 observantiam

84 1040 145 1062 legum
158 1041 177 1057 et
189 1041 329 1062 praeceptorum
345 1041 363 1057 et
377 1040 480 1057 custodiam
494 1039 583 1062 primaevi
595 1040 678 1057 fervoris.
694 1039 836 1062 Congregationi

84 1071 141 1089 veluti
155 1076 198 1093 pars
210 1071 288 1088 accessit
300 1071 407 1088 sodalitium
421 1071 534 1093 pauperibus
546 1071 632 1088 ruricolis
648 1070 767 1088 instituendis
781 1070 836 1088 desti>

85 1104 156 1124 natum,
167 1107 179 1119 a
191 1102 287 1120 sororibus
299 1102 392 1120 ruralibus
404 1103 459 1124 vulgo
471 1102 533 1120 Soeura
544 1103 575 1120 des
586 1108 695 1124 omnpnqnea
702 1103 835 1124 nuncupatum,

84 1133 135 1156 quod
147 1133 175 1151 uti
187 1138 259 1150 ramum
272 1133 361 1151 minorem
373 1138 393 1151 se
405 1133 481 1151 exhibet
492 1133 575 1151 eiusdem
588 1133 659 1151 arboris
671 1135 689 1151 et
703 1133 782 1156 regulae,
797 1138 834 1151 non

84 1166 146 1182 tamen
159 1164 243 1182 eiusdem
256 1164 316 1182 officii.
328 1165 406 1182 Sorores
418 1165 464 1182 istae
476 1165 571 1182 subiectae
583 1166 659 1182 manent
670 1165 766 1182 directioni
782 1164 835 1182 Soro-

85 1201 125 1214 rum
139 1196 236 1213 maiorum.
250 1196 311 1213 Prima
322 1196 403 1214 sodalitii
416 1196 488 1217 domus,
501 1196 627 1214 Lemovioensi
640 1196 728 1214 Antistite
743 1196 835 1218 hortante,

85 1229 145 1245 erecta
157 1227 193 1245 fuit
205 1227 223 1245 in
235 1227 276 1245 loco
289 1228 346 1249 ΤΜαῖ,
359 1233 415 1250 quarn
427 1228 475 1245 aliae
486 1228 613 1250 subsequutae
625 1229 669 1245 sunt
683 1227 752 1245 similes
768 1228 835 1245 domus

84 1260 102 1276 et
113 1259 190 1276 scholae
202 1264 250 1281 quae
262 1258 324 1281 pueris
336 1264 358 1277 ac
370 1259 437 1281 puellis
449 1259 544 1276 catholicis
556 1260 641 1281 paterent
655 1259 744 1277 adversus
759 1258 835 1276 haereti-

84 1295 147 1308 oorum
166 1291 217 1307 artes
234 1291 252 1308 et
270 1290 352 1308 insidias.
371 1290 448 1308 lusimul
466 1290 546 1312 Operam
564 1290 683 1312 quotidianae
698 1289 834 1308 communionis

83 1321 160 1339 Famula
174 1321 207 1338 Dei
220 1321 306 1342 instituit,
318 1322 357 1339 tum
369 1321 393 1339 ad
406 1321 483 1339 iniurias
496 1321 534 1339 Deo
547 1321 608 1339 illatas
616 1326 658 1339 cum
667 1321 770 1339 animarum
780 1321 834 1338 detri-

84 1354 146 1370 mento
158 1352 287 1370 resarciendas
299 1354 317 1370 et
329 1353 456 1374 removendas,
468 1354 507 1370 tum
520 1353 543 1370 ad
555 1353 640 1375 spiritum
649 1352 723 1375 pietatis
734 1352 832 1370 fovendum

82 1386 100 1402 et
111 1384 221 1407 augendum
232 1384 251 1401 in
263 1384 416 1406 augustissimum
433 1384 559 1402 Eucharistiae
573 1385 715 1405 sacramentum,
731 1384 749 1401 in
765 1384 834 1402 Beatis-

245 1449 254 1458 o
