1027 1579
196 115 215 129 34
362 118 402 132 Am
411 119 507 137 ammaum
515 119 558 135 sai.
567 127 573 131 -
582 120 707 135 cummim
716 121 781 139 offici-21⁶

197 166 245 188 siae
254 167 320 193 filios,
331 169 370 196 qui
380 169 466 196 ubique
476 172 536 195 sunty
546 170 704 196 cohortandos,
715 173 743 192 ut
752 171 795 192 hoc
805 172 947 193 sanctissimi

198 203 240 224 viri
246 203 389 230 institutum,
398 205 492 226 mirifice
500 206 615 227 societatis
623 207 739 228 humanae
746 208 782 229 his
790 214 882 236 quoque
889 210 947 229 tem,

196 239 289 266 poribus
306 240 420 266 idoneum,
432 241 480 262 sive
497 241 599 263 studiose
615 243 790 270 amplectantur,
802 244 850 265 sive
866 244 947 265 sedulo

196 275 318 297 retineant.

253 311 315 332 Ante
335 312 411 333 omnia
428 312 520 340 quidem
540 313 663 341 unicuique
681 317 801 336 versentur
819 316 847 336 ob
868 317 946 337 oculos

197 354 251 368 vera
267 347 345 368 Sancti
361 348 477 369 Francisci
493 349 633 372 lineamenta
651 351 735 371 animi:
754 358 808 372 nam
827 359 896 380 quem
911 360 945 374 re-

197 382 309 404 centiores
328 383 432 405 nonnulli
450 387 586 412 proponunt,
604 386 630 407 in
647 385 840 408 modernistarum
857 387 945 409 officina

198 419 328 447 conflatum,
346 420 461 441 hominem
474 420 617 447 Assisiatem,
634 422 688 443 huic
701 423 823 444 cathedrae
838 424 944 452 apostoli>

196 462 235 476 cae
254 462 335 483 parum
354 455 463 482 deditum,
480 457 625 485 eundemque
640 464 712 485 vagae
731 462 757 481 et
773 459 849 480 inanis
868 460 943 481 cuius-

197 491 249 512 dam
260 491 419 519 religiositatis
430 493 495 520 quasi
509 493 628 520 specimen,
642 499 696 514 eum·
705 494 806 522 profecto
818 501 860 516 nec
873 494 944 515 Fran-

196 527 283 548 ciscum
295 529 356 548 recte
373 527 531 555 appellaveris,
548 535 590 549 nec
604 529 720 550 Sanctum.
737 542 766 545 —
780 530 832 552 Iam
843 537 897 552 vero
914 531 944 551 ad

196 563 378 591 praeclarissima
389 567 413 585 et
422 563 561 585 immortalia
572 564 687 586 Francisci
698 563 722 587 in
733 571 780 586 rem
793 565 943 586 christianam

195 599 325 627 promerita,
337 613 345 616 -
358 606 456 627 quorum
466 600 543 627 gratia
559 601 579 622 is
596 607 649 622 vere
669 601 745 622 dictus
762 603 804 626 est,
816 601 943 629 periculoso

196 635 294 656 maxime
306 637 414 663 tempore,
425 635 529 656 columen
538 644 553 658 a
564 636 612 657 Deo
623 636 739 657 Ecclesiae
749 639 841 658 sanctae
854 637 942 662 datum,

196 682 202 684 -
221 670 285 692 velut
304 671 400 698 quidam
416 671 522 692 cumulus
538 671 575 693 hic
592 671 653 693 Ordo
671 672 763 694 Tertius
778 673 880 698 awessity
897 679 943 700 quo

196 707 290 734 quidem·
301 706 360 727 nihil
375 706 457 728 melius
469 707 653 734 magnitudinem
668 710 691 729 et
707 707 753 728 vim
768 707 872 729 illustrat
885 708 942 733 eius,

196 749 240 770 quo
254 742 373 770 flagrabat,
388 742 475 764 ardoris
486 743 511 764 in
522 743 671 771 propaganda
682 750 756 771 usque
766 750 857 771 quaque
869 743 943 771 gloria

196 778 249 799 Iesu
269 777 360 800 Christi.
381 779 441 799 Nam
459 786 488 800 ex
507 778 606 800 sollicita
622 778 803 801 consideratione
822 778 942 804 malorum,

195 815 279 842 quibus
296 814 399 836 Ecclesia
415 817 465 835 tum
482 814 608 841 laborabat,
626 814 753 835 incredibili
768 815 888 836 voluntate
904 822 943 842 ag>

195 857 288 878 gressus
299 857 409 872 renovare
420 851 449 871 ad
461 850 611 871 christianam
622 850 697 878 legem
707 850 790 876 omnia,
803 856 855 870 cum
867 850 942 878 dupli-

192 893 241 907 eem
253 885 365 907 familiam
376 886 518 911 Franciscus,
530 892 601 906 unam
613 886 717 911 fratrum,
729 885 827 906 alteram
839 891 942 906 sororum

192 921 338 947 condidisset,
348 921 395 949 qui,
404 921 552 942 sollemnibus
558 921 618 942 votis
625 921 771 949 nuncupatis,
781 920 861 942 Crucis
868 921 943 941 hurni-

193 957 284 978 litatem
300 959 455 985 sequerentur,
465 964 507 978 nec
522 959 601 985 posset
617 954 694 978 omnes
708 957 816 978 claustris
833 956 940 984 accipere,

193 1000 251 1021 quos
263 993 365 1021 undique
377 993 406 1014 ad
418 993 495 1021 ipsum
509 993 559 1014 eius
570 992 706 1021 disciplinae
717 992 832 1020 cupiditas
845 993 942 1013 adduce-

192 1030 234 1053 ret,
242 1028 363 1050 consilium
371 1028 432 1056 cepit
438 1030 467 1049 ut
471 1028 497 1049 in
503 1028 578 1049 media
585 1028 670 1049 saeculi
677 1028 804 1055 agitatione
810 1024 941 1049 viventibus

193 1064 259 1085 daret
270 1064 411 1085 christianae
424 1064 579 1092 assequendae
592 1064 737 1091 perfectionis
751 1063 893 1088 facultatem;
906 1070 940 1084 or-

193 1100 315 1127 dinemque
323 1100 370 1120 veri
379 1100 477 1120 nominis
485 1099 590 1120 instituit
598 1099 766 1124 Tertiariorum,
776 1106 822 1120 non
831 1106 883 1120 eum
891 1099 942 1127 qui-

194 1136 251 1160 dem,
255 1137 283 1156 ut
289 1136 346 1156 duos
353 1135 445 1163 priores,
450 1137 555 1156 votorum
561 1134 671 1162 religione
678 1135 819 1160 obstrictum,
824 1135 863 1156 sed
871 1135 940 1156 simili

193 1173 300 1192 ornatum
309 1173 334 1192 et
344 1178 432 1192 morum
446 1171 594 1199 simplicitate
605 1173 629 1192 et
640 1171 717 1192 studio
727 1171 889 1199 paenitentiae.
903 1171 941 1192 Ita.

193 1208 253 1235 quod
265 1207 343 1228 nullus
355 1214 457 1235 unquam
468 1207 579 1234 reyularis
590 1207 691 1228 familiae
700 1214 783 1235 parens
794 1207 940 1235 excogitarat,

192 1245 219 1264 ut
228 1242 360 1270 religiosum
372 1243 463 1265 vivendi
474 1250 546 1271 genus
557 1250 604 1264 rem
614 1250 757 1264 communem
767 1243 858 1268 faceret,
869 1243 907 1264 hic
918 1245 940 1264 et

192 1278 281 1299 invenit
294 1279 382 1306 primus
399 1281 423 1300 et
437 1279 517 1304 effecit,
534 1279 582 1299 Deo
599 1279 675 1304 dante,
690 1279 834 1300 felicissime:
851 1280 880 1300 de
895 1286 940 1307 quo

192 1314 250 1335 illud
262 1317 339 1336 exstat
350 1315 466 1342 praeclare
477 1315 564 1336 dictum
576 1315 674 1336 'rhomae
687 1314 818 1336 Gelanensis
828 1320 832 1335 :
847 1325 857 1335 «
870 1315 939 1342 Egre-

192 1350 244 1377 gius
252 1357 334 1378 nempe
340 1350 431 1375 artifex,
441 1350 470 1371 ad
478 1350 543 1371 cuius
552 1350 652 1376 formam,
661 1350 764 1378 regulam
773 1352 798 1371 et
804 1350 940 1375 doctrinam,

192 1386 305 1407 efferendo
316 1385 442 1414 praeconio,
454 1388 478 1409 in
489 1388 587 1414 utroque
598 1393 654 1407 sexu
666 1386 751 1407 Christi
763 1388 886 1407 renovatur
898 1386 942 1407 Ec—
