1027 1579
348 113 364 127 Ε.
374 113 474 130 Cmrwario
484 113 546 127 Comitis*
807 112 826 126 ⁴5

74 165 135 180 sertus
147 164 182 181 est.
196 163 234 181 lmo
242 163 297 181 etiam
305 163 324 180 in
334 163 383 180 (lonc.
392 163 478 180 Plenam
487 163 580 180 Amcricae
590 164 665 184 latinae,
674 168 703 180 an.
713 163 756 180 1889
763 163 783 180 in
791 163 826 180 bac

74 194 128 212 Alma
139 194 191 212 Urbe
204 195 272 215 habito.
284 194 372 212 statuitur
388 200 405 212 n.
421 194 462 212 ³70:
476 202 484 210 α
494 194 513 212 Si
525 196 588 212 autem
602 195 655 212 solus
666 194 774 217 (parochus)
788 199 826 211 non

73 225 159 247 sufficiat,
171 227 200 243 tot
211 226 322 247 sacerdotes,
334 228 425 248 quantum
437 226 476 243 fieri
485 226 558 248 poterit,
570 227 586 243 ci
598 227 726 247 adiunonntur
733 227 801 248 quot..
810 231 826 246 »3

72 258 90 274 et
103 262 121 274 n.
135 257 170 274 275
184 257 320 279 praescribitur,
336 257 354 274 in
369 257 440 278 synodo
456 257 567 274 dioecesana
582 257 621 274 fieri
636 257 703 274 debere
720 258 825 274 accuratam

71 288 221 310 descriptionem
233 288 368 311 obligationum
380 290 398 306 et
410 288 478 306 iurium
490 288 618 306 coadiutorum
631 288 760 310 parochorum.

117 320 238 342 Supertluum
248 325 292 342 ergo
304 320 382 340 videtur,
391 325 451 342 neque
459 319 482 337 ad
491 325 530 337 rem
538 321 621 337 nostram
633 319 682 340 facit,
690 319 738 336 hanc
750 324 827 336 consue·

71 351 158 369 tudinem
167 351 202 374 legi
209 351 327 369 Tridentinae
336 351 446 368 contrariam
455 352 551 373 tamquam
557 351 657 373 legitimam
667 351 745 373 probare
750 350 826 372 (videsis

73 382 202 405 Dereubourg,
208 383 242 400 loc.
249 382 284 404 cit„
293 388 309 405 p.
318 383 349 400 103
356 388 401 405 sqql,
408 384 426 400 et
434 382 495 404 ipsum
502 383 635 404 protestantem
643 382 749 402 l-linschius,
758 382 827 404 Syelem

71 414 102 431 des
113 415 172 431 Kath.
185 414 327 435 Ktrchenrcchls,
341 413 409 434 Berlin,
418 414 466 434 1828,
475 413 498 434 ll,
506 413 551 436 320).
561 413 611 431 Haec
619 418 663 431 vero
672 413 690 430 S.
697 413 763 435 Congr.
770 413 826 430 Cone.

74 445 169 468 Episcopo
176 445 263 463 Aturensi
269 441 383 468 (Airefanno
392 445 435 462 1865
441 445 463 462 de
470 450 489 462 re
496 444 617 467 interroganti
626 444 730 467 respondit:
738 452 747 460 ι
754 444 781 462 De
788 444 827 462 iure

71 477 238 499 (nominationem)
246 478 330 499 spectare
336 477 360 494 ad
368 476 469 499 paroebum
479 481 520 494 curu
529 476 664 498 approbatione
671 476 761 498 episcopi;
769 477 827 493 atten-

72 508 95 525 tis
103 513 150 526 vero
157 508 282 531 peculiaribus
290 507 440 528 circumstantiis,
448 507 561 525 servandum
569 512 610 525 esse
618 513 673 525 usurn
682 507 700 524 in
709 507 775 525 ceteris
787 506 827 524 Gal-

71 539 140 557 liarum
149 539 267 557 dioecesibus
275 539 396 560 obtinentem,
404 544 464 561 usque
473 539 517 556 dum
526 539 579 556 aliter
586 538 641 556 fuerit
649 544 660 556 a
669 538 687 556 S.
694 538 741 556 Sede
748 538 827 556 declara-

71 572 112 588 tum
119 577 128 586 »
136 571 213 593 (Bouix,
219 571 334 592 Deparocho,
343 570 361 587 in
369 570 448 592 append.
456 570 469 591 1,
476 570 486 592 ἓ
492 570 515 592 5).
524 569 607 587 Sufficiat
615 570 713 591 indicasse,
722 569 780 587 multo
789 570 826 592 plu-

72 607 101 619 res
108 602 197 625 regiones
203 602 267 623 fuisse,
273 602 292 619 in
299 602 367 624 quibus
374 602 457 624 praefata
465 601 580 619 consuetudo
586 601 679 619 contraria
685 601 763 623 vigebat,
769 606 826 623 quam

71 633 113 650 illae
126 633 197 655 (Italia,
206 633 301 655 Hispania,
310 633 409 654 Sardinia),
418 632 436 650 in
449 632 517 655 quihus
529 632 558 650 lex
567 632 675 650 Tridentina
687 632 826 650 observabatur.

117 665 174 682 Hanc
186 670 241 687 porro
253 664 407 682 cousuetudinem
419 669 479 686 nuper
486 664 542 681 datus
551 664 613 681 Codex
622 664 639 681 in
651 664 709 686 legem
721 664 826 686 generalem

72 695 173 717 convertit,
185 697 276 717 statuens,
289 703 297 711 ‹
307 701 344 713 non
353 695 377 712 ad
385 695 492 717 parochum,
501 695 534 712 sed
546 695 570 712 ad
582 695 617 712 loci
626 695 751 716 Ordinarium,
761 695 826 712 audito

72 734 82 743 ι
90 727 182 749 parocho,
194 729 298 749 competere
311 727 340 744 ius
352 726 461 744 nominandi
473 727 551 744 vicarios
563 728 693 749 cooperatores
705 732 715 744 e
727 726 776 743 clero
788 731 827 743 sae-

74 766 82 774 «
92 758 154 776 culari
163 766 172 774 »
184 759 232 781 (can.
244 758 283 779 476,
295 758 306 781 ξ
319 758 342 780 3).
356 758 392 776 Iste
404 763 464 775 canon
476 759 567 780 quantum
580 757 603 775 ad
616 757 761 775 nominationem
778 757 826 775 vica-

73 790 146 808 riorum
159 791 300 812 cooperatorum
316 795 349 812 pro
364 789 386 807 iis
402 789 514 812 regionibus,
529 789 548 806 in
560 789 628 811 quibus
644 794 727 811 eousque
743 789 772 806 lex
787 788 826 806 'rri-

72 821 152 839 dentiua
164 822 254 844 viguerat,
266 826 332 838 novam
346 821 418 838 induxit
431 821 554 843 disciplinam.
566 820 591 838 Ut
603 822 665 838 autem
674 820 703 838 ius
711 820 730 838 in
739 820 762 837 iis
769 820 826 842 regio-

72 852 130 870 nibus
142 852 230 875 parochis
242 854 298 870 antea
309 852 428 874 acquisitum,
444 853 535 874 quantum
550 857 598 869 nova
613 853 631 869 et
647 852 711 869 melior
727 851 826 873 disciplina

75 884 188 906 patiebatur,
200 885 309 904 servaretur,
323 884 381 901 Oodw
393 883 457 904 voluit,
469 884 489 901 ut
505 883 581 905 parochi
596 883 661 901 saltem
678 883 787 900 audirentur
802 882 826 900 ab

75 915 174 937 episcopis.
187 915 235 932 Hinc
247 914 357 937 putaverim,
369 914 419 932 illam
431 914 535 932 clausulam
548 921 556 930 ‹
565 914 630 932 audito
642 914 723 936 parocho
732 921 741 929 ι
751 913 826 931 minime

74 946 138 964 referri
150 946 174 963 ad
186 946 228 963 illas
240 946 331 968 regiones,
343 946 361 963 in
374 946 448 968 quibus,
459 947 532 963 tacente
544 947 562 963 et
574 945 689 967 approbante
698 945 716 963 S.
729 945 777 962 Sede
791 945 826 967 epi-

73 978 132 1000 scopi,
141 979 206 995 contra
215 977 308 1000 parochos
320 982 352 999 per
363 976 463 1000 legitimam
473 977 637 999 praescriptionem
646 976 675 994 ius
684 977 826 999 acquisiverant,

73 1009 222 1031 independenter
233 1014 244 1026 a
256 1008 342 1031 parochis
354 1014 417 1026 eorum
431 1008 509 1026 vicarios
520 1009 651 1030 cooperatores
666 1008 781 1029 nominandi,
793 1008 826 1025 sed

74 1040 99 1058 ibi
112 1040 201 1062 applicari
218 1040 284 1058 debere
300 1045 340 1057 can.
353 1040 370 1057 4:
384 1047 393 1056 ἰ
403 1040 445 1057 lura
460 1040 501 1057 aliis
518 1039 740 1063 (emkookaquaesita...
754 1039 826 1061 integra

75 1079 84 1087 «
93 1073 190 1089 manent..
200 1077 218 1093 »3
231 1076 265 1089 nec
274 1076 311 1088 non
319 1076 359 1089 can.
372 1071 391 1088 5:
401 1078 409 1087 «
417 1071 503 1093 Vigentes
516 1071 534 1088 in
548 1076 635 1093 praesens
644 1072 708 1088 eontra
716 1070 782 1088 horum
791 1072 826 1087 sta-

75 1110 84 1118 ‹
93 1104 135 1120 tuta
146 1108 239 1120 canonum
247 1102 398 1123 consuetudines,
408 1102 447 1119 sive
459 1102 574 1119 universales
583 1102 621 1119 sive
630 1101 770 1124 particulares...
778 1106 825 1123 quae

75 1140 84 1150 ι
93 1134 169 1156 quidem
182 1133 300 1151 centenariae
312 1133 350 1151 sint
363 1135 381 1151 et
389 1133 552 1154 immemorabiles,
565 1133 639 1150 tolerari
649 1134 742 1155 poterunt,
750 1132 765 1150 si
775 1132 826 1150 Ordi-

76 1172 85 1181 ι
93 1165 141 1183 narii
149 1170 183 1187 pro
196 1165 279 1182 locorum
291 1170 313 1182 ac
325 1170 447 1187 personarum
459 1165 552 1182 adiunctis
560 1164 673 1185 existiment,
681 1169 713 1181 eas
725 1164 826 1186 prudenter

76 1204 85 1212 ι
94 1197 201 1214 submoveri
214 1202 251 1214 non
264 1202 319 1219 posse
328 1204 343 1214 ».

120 1228 187 1245 Nescio
201 1233 228 1245 an
242 1233 324 1250 unquam
340 1228 439 1250 disciplina
454 1227 579 1245 ecclesiastica
591 1229 609 1245 et
620 1227 672 1245 salus
687 1227 792 1244 animarum
807 1227 826 1244 in

75 1265 132 1282 saepe
148 1259 255 1276 memoratis
271 1259 377 1281 regionibus
393 1259 524 1277 detrimentum
540 1264 606 1281 passae
622 1259 660 1276 sint
676 1264 698 1276 ex
710 1258 746 1276 huc
761 1258 826 1280 capite,

76 1291 126 1313 quod
136 1290 219 1312 episcopi
229 1290 308 1308 vicarios
320 1292 450 1312 cooperatores
458 1290 582 1312 parochorum
590 1289 714 1307 nominabant
721 1289 767 1312 quin
776 1290 827 1311 ipsos

77 1322 169 1344 parochos
181 1321 232 1344 prius
244 1321 354 1339 audiverint.
367 1321 422 1343 Quod
437 1321 453 1339 si
469 1327 519 1339 nunc
534 1321 618 1343 episcopi
633 1321 652 1338 in
668 1321 704 1338 illis
719 1321 827 1343 regionibus

76 1353 196 1376 adigerentur
207 1353 232 1370 ad
243 1353 347 1370 audiendos
360 1353 452 1375 parochos
465 1354 566 1375 antequam
580 1352 616 1370 illis
629 1354 768 1374 cooperatorem
782 1352 827 1369 assi-

76 1386 139 1407 gnent,
153 1384 226 1402 nullum
238 1389 261 1402 ex
272 1384 307 1401 hac
318 1384 438 1402 innovatione
450 1384 520 1401 bonum
532 1384 636 1405 resultaret,
649 1383 694 1406 quin
705 1383 763 1401 immo
775 1388 828 1405 expe-
