1027 1579
192 107 211 122 u
359 109 398 123 Am
407 109 503 127 Apo-raum
511 108 555 123 snas·
563 116 570 119 -
578 109 704 123 emmim·-
713 108 777 126 omi.

192 160 226 180 est,
243 159 260 176 S.
277 159 333 176 Conc.
345 159 395 176 Trid.
411 159 507 181 antiquam
523 159 655 181 comprobasse
671 158 796 179 traditionem,
812 164 833 176 ac
848 158 943 179 statuisse,

192 190 315 212 parochorum
328 195 377 208 esse:
391 197 400 206 ‹
408 190 444 207 sibi
456 191 484 207 tot
495 190 601 208 sacerdotes
613 190 637 207 ad
649 190 685 207 boc
697 195 765 207 munus
777 190 883 212 adiungere,
897 191 944 212 quot

193 228 201 237 ‹
209 221 300 239 sufficiant
312 222 336 239 ad
348 223 465 239 sacramenta
476 221 582 239 exhibenda
593 223 611 239 et
623 221 693 239 cultum
702 221 785 239 divinum
794 221 924 239 celebrandum
931 228 941 237 »

192 253 244 275 (sess.
256 253 284 274 21,
296 258 335 275 cap.
347 253 371 275 4).
384 253 443 270 Immo
451 253 572 270 Innocentius
580 252 624 270 XIII
633 252 652 270 in
661 252 724 270 Const.
732 253 830 274 „apostonci
837 253 941 274 ministerii,

192 284 209 302 d.
221 284 238 301 d.
252 284 273 301 13
284 284 328 302 maii
342 284 390 306 1723,
402 284 440 307 §11
456 284 533 302 modum
549 284 568 301 in
584 284 619 302 hac
634 284 763 306 assumptione
779 284 889 302 vicariorum
905 289 942 301 ser-

191 316 273 333 vandum
282 321 315 338 pro
324 315 415 338 Hispania
423 315 527 333 accuratius
535 315 669 337 determinavit,
678 317 696 333 et
704 315 817 333 Benedictus
824 315 868 333 XIII
878 315 942 333 Const.

191 347 214 364 In
225 352 309 368 supremo
324 348 427 367 militantia,
442 347 460 364 d.
472 347 489 364 d.
501 347 524 364 23
535 348 582 369 sept.
596 347 637 364 1727
650 347 698 364 hanc
714 346 871 364 Constitutionem
888 346 941 364 Inno-

191 378 295 396 centianam
306 378 423 396 confirmavit
434 380 453 396 et
464 378 488 395 ad
499 378 598 396 universos
610 378 693 396 locorum
706 378 816 396 Ordinarios
824 378 912 396 extendit.

236 409 283 427 Cum
295 410 372 432 parochi
386 410 533 428 iurisdictionem
550 410 663 428 ordinariam
679 410 698 427 in
714 415 749 428 sua
761 410 840 432 quisque
855 409 942 432 paroecia

193 441 280 462 habeant,
292 441 339 459 hanc
351 441 407 459 etiam
419 441 466 462 aliis,
478 447 489 459 a
500 441 540 464 lege
553 441 653 464 requisitas
664 441 764 463 qualitates
775 441 893 461 habentibus,
906 446 942 462 par

191 478 214 493 ee,
226 472 311 495 delegare
322 474 407 495 possunt.
419 472 526 490 Notandum
538 472 593 490 etiam
605 474 639 493 est,
651 474 733 494 tempore
746 472 823 490 Concilii
837 471 941 489 Tridentini

192 504 275 521 nondum
284 504 384 521 seminaria
391 504 501 521 dioecesana
510 503 609 525 exstitisse,
617 504 636 521 in
646 503 715 527 quibus
725 503 786 521 clerici
794 504 829 521 sub
838 503 897 521 oculis
906 503 943 525 epi·

191 535 242 557 scopi
255 535 278 552 ad
291 535 394 552 ministeria
405 534 528 552 sacerdotalia
540 536 679 557 praeparantur.
692 535 753 556 Quare
765 540 787 552 eo
796 536 878 557 tempore
891 540 943 557 paro·

180 566 239 586 attius
251 566 336 584 iuvenem
349 566 470 587 sacerdotem,
482 571 494 583 a
505 571 526 584 se
535 566 576 588 ipso
588 566 651 584 forsan
663 566 687 584 ad
698 566 825 584 sanctuarium
834 566 942 587 adductum,

192 597 279 620 illiusque
286 597 407 619 aptitudinem
416 598 440 615 ad
447 597 570 615 ministerium
577 597 689 620 parochiale,
695 598 768 615 facilius
774 602 886 620 cognoscere
892 599 944 619 pote-

192 630 221 646 rat
232 634 288 651 quam
300 629 405 651 episcopus,
419 629 466 646 Hinc
479 629 496 646 S.
504 629 591 650 synodus
602 629 700 651 episcopos
712 629 842 646 tantummodo
854 629 914 650 iussit,
922 630 943 646 ut

192 660 285 682 parochos
296 662 363 683 cogant
375 660 394 678 in
406 660 458 682 locis,
470 668 479 676 ‹
488 660 557 683 quibus
569 660 650 683 populus
661 660 687 678 ita
699 665 811 678 numerosus
823 661 852 681 sit,
860 662 881 678 ut
893 666 943 678 unus

192 699 201 707 ‹
211 693 270 709 rector
282 697 320 709 non
332 692 391 714 possit
403 692 487 709 sufficere
499 692 629 709 ecclesiasticis
644 692 766 710 sacramentis
782 691 909 709 ministrandis
925 694 944 710 et

193 731 202 739 ‹
211 723 268 741 cultui
277 723 340 741 divino
349 724 455 746 peragendo
461 730 477 745 »,
486 725 507 741 ut
516 731 524 739 α
532 723 566 741 sibi
575 724 602 741 tot
611 723 717 741 sacerdotes
725 723 749 741 ad
756 723 792 741 hoc
801 728 869 741 munus
878 723 943 741 adiun-

193 762 202 771 «ι
210 756 260 777 gant,
269 756 315 777 quot
323 754 434 772 sufficiant...
442 762 457 772 ιι.

238 786 272 804 Hic
281 786 347 804 modus
356 786 465 803 nominandi
471 786 551 804 vicarios
563 787 699 808 cooperatores,
707 786 778 804 scilicet
784 792 818 807 per
829 787 879 807 ipsos
888 792 944 808 paro-

192 819 238 839 chos,
250 817 288 835 rere
301 817 369 840 ubique
381 817 489 839 perduravit
501 823 560 840 usque
573 818 596 835 ad
609 817 663 835 finem
676 817 746 835 saeculi
758 817 824 835 decimi
840 817 907 839 octavi,
923 819 944 835 nt

192 849 247 866 etiam
263 850 341 871 apparet
356 854 378 866 ex
395 849 479 871 plurimis
494 849 571 870 synodis
586 848 702 866 dioecesanis
718 849 796 866 durante
813 849 844 866 illo
860 850 943 871 ternpore

192 880 260 897 habitis
277 881 303 903 (et
320 880 387 902 partim
406 880 499 902 congestis
517 880 536 897 in
553 880 641 897 Analecta
659 880 709 897 Iuris
724 881 781 901 Pont„
797 885 832 897 ser.
848 880 864 897 V
879 880 942 902 (1861),

192 911 226 929 col⁴
242 911 275 928 877
291 912 342 933 sqq).
359 911 489 929 Verumtamen
509 911 552 929 inde
570 916 581 928 a
597 913 679 933 tempore
697 911 842 933 perturbationis
859 911 943 933 gallicae,

192 948 240 964 quae
251 943 315 960 omnia
327 942 346 960 in
357 942 482 960 ecclesiastica
494 944 512 960 et
524 942 573 960 civili
585 942 673 960 societate
682 948 720 960 non
732 942 792 960 solum
805 942 824 960 in
836 942 902 964 Gallia,
910 943 943 960 sed

192 973 248 991 etiam
263 973 282 990 in
299 973 381 991 finitimis
397 974 510 996 regionibus,
522 979 555 991 sus
570 974 630 996 deque
642 973 702 995 vertit,
714 973 763 991 alius
779 974 845 991 modus
860 974 943 995 invaluit,

191 1010 229 1027 quo
241 1005 285 1022 dicti
297 1005 359 1022 vicarii
372 1006 394 1022 ab
406 1006 494 1027 episcopia
507 1005 652 1022 nominabantur
664 1005 735 1027 absque
747 1005 785 1023 ullo
797 1005 873 1027 parochi
890 1005 943 1023 inter-

191 1038 254 1054 ventu.
263 1036 293 1054 Sic
302 1042 331 1055 res
340 1042 360 1054 se
366 1036 446 1054 habebat
455 1037 474 1054 in
483 1037 552 1058 Gallia,
560 1037 623 1058 Balaio
630 1038 649 1054 et
657 1037 753 1054 Sabaudia
762 1037 899 1059 (Praelectionea
907 1038 943 1054 iar.

191 1074 231 1086 οαη,
243 1068 319 1085 habitae
331 1068 350 1085 iri
362 1068 427 1085 semin.
441 1068 458 1085 S.
468 1068 549 1090 Sulpitii,
558 1068 571 1089 Ι,
579 1068 621 1089 402;
634 1068 760 1090 Derenbourg,
769 1069 826 1085 E‘lude
834 1073 899 1085 canon.
910 1074 943 1085 aur

191 1100 216 1117 ks
227 1100 308 1117 Vicaires
319 1100 444 1120 parvissimum,
453 1099 541 1120 Tournai,
554 1099 603 1121 1871,
615 1105 632 1122 p.
642 1099 686 1121 102),
698 1099 717 1116 in
729 1099 805 1116 Auatria
814 1101 832 1117 et
844 1100 943 1117 Germania

191 1130 272 1153 (Vering,
288 1131 420 1151 Kirchenrecht,
435 1130 529 1153 Freiburg,
547 1130 587 1148 1881
605 1130 635 1147 alt.
650 1130 678 1147 ed.
690 1135 707 1152 p.
722 1130 764 1151 60&
781 1130 850 1151 Mtssler,
866 1131 943 1148 Lean'eon

192 1163 223 1179 des
234 1162 375 1182 Kirolaenreohte,
388 1161 420 1182 ΙΙΙ,
432 1162 478 1183 278),
490 1162 509 1179 in
522 1161 605 1179 Statibus
618 1161 675 1179 unitis
684 1161 776 1179 Anwraoae
788 1162 945 1184 septentrionalis,

192 1194 211 1211 in
225 1194 315 1215 Carmeia,
328 1194 419 1211 Hibernia
430 1195 448 1211 et
460 1194 501 1211 aliis
513 1193 621 1216 regionibus
632 1194 668 1211 sub
676 1194 746 1211 ditione
756 1195 861 1211 britannica
869 1194 944 1216 (Smith,

192 1226 282 1242 Elementa
293 1226 314 1247 of
323 1226 362 1242 eccl.
372 1226 412 1246 law,
422 1225 465 1243 New
474 1225 528 1246 York,
539 1225 587 1246 1887,
599 1225 632 1243 Vll
641 1225 676 1246 ed.,
689 1225 702 1246 I,
709 1225 755 1246 447).
764 1225 801 1242 iste
811 1225 876 1242 modus
884 1225 943 1242 nomi-

193 1256 249 1274 nandi
261 1256 341 1274 vicarios
353 1258 488 1278 cooperatores,
496 1256 535 1274 scil.
544 1262 576 1278 per
584 1256 682 1278 episcopos
692 1257 763 1279 absque
776 1256 880 1274 interventu
892 1261 944 1278 paro·

192 1287 276 1308 chorum,
291 1287 346 1304 etiam
363 1287 443 1305 Statutis
459 1287 575 1305 dioecesanis
590 1288 626 1310 (ex.
641 1293 668 1310 gr.
680 1288 753 1304 Statum
765 1288 899 1308 Monasterien„
916 1287 944 1304 ed.

194 1318 273 1339 Krabbe‚
286 1318 336 1341 1849)
348 1319 366 1336 et
378 1318 466 1336 Conciliis
478 1318 623 1340 provincialibus
635 1320 653 1336 et
665 1318 791 1336 nationalibus
805 1319 841 1341 (ex.
852 1324 878 1341 gr.
893 1318 943 1336 Cone.

195 1350 270 1371 φῶρα,
283 1354 312 1366 an.
323 1349 373 1366 1854:
387 1350 468 1367 (lomatio
479 1350 550 1371 Laeen„
563 1350 595 1371 Ill,
603 1350 645 1370 65&
658 1350 741 1371 synodus
749 1350 838 1367 learia
845 1350 943 1367 Hiberniae

194 1380 244 1402 apud
255 1380 375 1402 Maynutiam,
387 1386 416 1398 an.
430 1380 478 1401 1875,
490 1386 507 1398 n.
520 1381 565 1403 217),
578 1381 601 1398 ab
614 1381 721 1403 Apostolica
733 1381 781 1398 Sede
792 1380 906 1403 approbatis,
918 1380 944 1398 iu-
